@string{ACTS            = "Advanced Communications Technologies and Services (ACTS) Mobile Communication Summit"}
@string{ACTS_1996       = "Proc.\ 1st~" # ACTS}
@string{ASPLOS          = "ACM International Conference on Architectural Support for Programming Languages and Operating Systems (ASPLOS)"}
@string{ASPLOS_1996     = "Proc.\ 7th ASPLOS"}
@string{ASPLOS_2000     = "Proc.\ 9th ASPLOS"}
@string{BCR             = "Business Communications Review"}
@string{BSDCON_2003     = "BSDCon '03"}
@string{CACM            = "Communications of the ACM"}
@string{COMPUTER        = "IEEE Computer"}
@string{COMPUTER_NET    = "Computer Networks"}
@string{CCR             = "ACM SIGCOMM Computer Communication Review"}
@string{DANCE           = "Proc.\ DARPA Active Networks Conference and Exposition"}
@string{DANCE_2002      = DANCE # "\ (DANCE 2002)"}
@string{EWSCDA_1998     = "Proc.\ 8th ACM SIGOPS European Workshop on Support for Composing Distributed Applications"}
@string{HOTI            = "A symposium on high performance interconnects"}
@string{HOTI_1999       = "Hot Interconnects 7:\ " # HOTI}
@string{HOTNETS_2002    = "Proc.\ HotNets--I"}
@string{HOTNETS_2003    = "Proc.\ HotNets--II"}
@string{HOTOS           = "Workshop on Hot Topics in Operating Systems"}
@string{HOTOS_1999      = "Proc.\ 7th~" # HOTOS # " (HotOS--VII)"}
@string{HOTOS_2001      = "Proc.\ 8th~" # HOTOS # " (HotOS--VIII)"}
@string{ICC             = "Proc.\ IEEE International Conference on Communications"}
@string{ICC_2002        = ICC # "\ (ICC 2002)"}
@string{ICFP            = "SIGPLAN International Conference on Functional Programming Languages"}
@string{ICFP_1998       = "Proc.\ 3rd ACM\ " # ICFP}
@string{ICDCS           = "International Conference on Distributed Computing Systems (ICDCS)"}
@string{ICDCS_1988      = "Proc.\ 8th ICDCS"}
@string{ICDCS_2000      = "Proc.\ 20th ICDCS"}
@string{ICNP            = "IEEE International Conference on Networking Protocols"} 
@string{ICNP_2003       = "Proc.\ 11th ICNP"}
@string{ICS             = "ACM International Conference on Supercomputing"}
@string{ICS_1990        = "Proc.\ 4th~" # ICS}
@string{ICMCS_1994      = "Int.\ Conf.\ Multimedia Computing \& Systems"}
@string(IJPDSN          = "International Journal of Parallel and Distributed Systems and Networks")
@string{INFOCOM_2000    = "Proc.\ INFOCOM 2000"}
@string{INFOCOM_2002    = "Proc.\ INFOCOM 2002"}
@string{IPTPS_2002      = "Proc.\ 1st Int.\ Workshop on Peer-to-Peer Systems (IPTPS'02)"}
@string{ISCA            = "Annual ACM/IEEE International Symposium on Computer Architecture (ISCA)"}
@string{ISCA_1998       = "Proc.\ 25th~" # ISCA}
@string{JSAC            = "IEEE J.\ Sel.\ Areas Comm."}
@string{LISA            = "Systems Administration Conference"}
@string{LISA_1990       = "Proc.\ 11th~" # LISA # "\ (LISA '90)"}
@string{LISA_1997       = "Proc.\ 11th~" # LISA # "\ (LISA '97)"}
@string{LISA_1998       = "Proc.\ 11th~" # LISA # "\ (LISA '98)"}
@string{LISA_2000       = "Proc.\ 14th~" # LISA # "\ (LISA '00)"}
@string{LISA_2007       = "Proc.\ 21th~" # LISA # "\ (LISA '07)"}
@string{MICRO           = "IEEE Micro"}
@string{MIDDLEWARE      = "IFIP/ACM International Conference on Distributed Systems Platforms"}
@string{MIDDLEWARE_2001 = "Proc.\ 18th Middleware"}
@string{MUG             = "Myrinet User Group Conference"}
@string{MUG_2000        = "Proc.\ First~" # MUG # "\ (MUG 2000)"}
@string{NOSSDAV         = "Network and Operating System Support for Digital Audio and Video (NOSSDAV)"}
@string{NOSSDAV_1997    = "Proc.\ 7th International Workshop on\ " # NOSSDAV}
@string{NOSSDAV_1998    = "Proc.\ 8th International Workshop on\ " # NOSSDAV}
@string{OLS             = "Ottawa Linux Symposium"}
@string{OLS_2003        = "Proc.\ OLS 2003"}
@string{OPENARCH        = "International Conference on Open Architectures and Network Programming (OPENARCH)"}
@string{OPENARCH_2001   = "Proc.\ 4th~" # OPENARCH}
@string{OPENARCH_2002   = "Proc.\ 5th~" # OPENARCH}
@string{OSDI            = "Operating System Design and Implementation (OSDI)"}
@string{OSDI_1994       = "Proc.\ 1st OSDI"}
@string{OSDI_1996       = "Proc.\ 2nd OSDI"}
@string{OSDI_1999       = "Proc.\ 3rd OSDI"}
@string{OSDI_2002       = "Proc.\ 5th OSDI"}
@string{NSDI_2004       = "Proc.\ 1st NSDI"}
@string{NSDI_2005       = "Proc.\ 2nd NSDI"}
@string{NSDI_2006       = "Proc.\ 3rd NSDI"}
@string{NSDI_2007       = "Proc.\ 4th NSDI"}
@string{NSDI_2008       = "Proc.\ 5th NSDI"}
@string{OSR             = "Operating Systems Review"}
@string{PERVASIVE       = "International Conference on Pervasive Computing"}
@string{PERVASIVE_2002  = "Proc.\ Pervasive 2002"}
@string{NETWORKING      = "International IFIP--TC6 Networking Conference"}
@string{NETWORKING_2002 = "Proc.\ 2nd~" # NETWORKING # "\ (NETWORKING 2002)"}
@string{SANE_2000       = "Proc.\ 2nd Int.\ SANE Conf."}
@string{RFC             = "Internet Req.\ for Cmts."}
@string{SIGCOMM_1988    = "Proc.\ SIGCOMM '88"}
@string{SIGCOMM_1992    = "Proc.\ SIGCOMM '92"}
@string{SIGCOMM_1994    = "Proc.\ SIGCOMM '94"}
@string{SIGCOMM_1996    = "Proc.\ SIGCOMM '96"}
@string{SIGCOMM_1997    = "Proc.\ SIGCOMM '97"}
@string{SIGCOMM_1998    = "Proc.\ SIGCOMM '98"}
@string{SIGCOMM_1999    = "Proc.\ SIGCOMM '99"}
@string{SIGCOMM_2001    = "Proc.\ SIGCOMM 2001"}
@string{SIGMETRICS      = "Proc.\ SIGMETRICS\ "}
@string{SIGMETRICS_2000 = SIGMETRICS # "2000"}
@string{SIGMETRICS_2001 = SIGMETRICS # "2001"}
@string{SOSP            = "Symposium on Operating Systems Principles (SOSP)"}
@string{SOSP_1995       = "Proc.\ 15th SOSP"}
@string{SOSP_1999       = "Proc.\ 17th SOSP"}
@string{SOSP_2001       = "Proc.\ 18th SOSP"}
@string{SOSP_2003       = "Proc.\ 19th SOSP"}
@string{TOCS            = "ACM Transactions on Computer Systems"}
@string{TON             = "IEEE/ACM Transactions on Networking"}
@string{USENIX          = "USENIX Annual Technical Conference"}
@string{USENIX_SEC      = "USENIX Security Symposium"}
@string{USENIX_2005     = "Proc.\ USENIX '05"}
@string{USENIX_2004     = "Proc.\ USENIX '04"}
@string{USENIX_2002     = "Proc.\ USENIX '02"}
@string{USENIX_1996     = "Proc.\ USENIX '96"}
@string{USS_1999        = "Proc.\ 8th " # USENIX_SEC}
@string{USS_2002        = "Proc.\ 11th " # USENIX_SEC}
@string{USS_2003        = "Proc.\ 12th " # USENIX_SEC}
@string{USITS           = "USENIX Symposium on Internet Technologies"}
@string{USITS_2003      = "Proc.\ 4th USITS"}
@string{WISP            = "Workshop on Internet Server Performance"}
@string{WISP_1998       =" Proc.\ " # WISP # " 1998"}
@string{WORLDS_2004     ="Proc. of the 1st Workshop on Real, Large Distributed Systems"}
@string{WORLDS_2005     ="Proc. of the 2nd Workshop on Real, Large Distributed Systems"}
@string{WSS             = "USENIX Windows Sys.\ Symp."}
@string{WSS_2000        = "Proc.\ 4th~" # WSS}
@string{WWOS            = "Workshop on Workstation Operating Systems"}
@string{WWOS_1992       = "Proc.\ 3rd " # WWOS}

@string{ALASKA          = "AK"}
@string{ARIZONA         = "AZ"}
@string{CALIFORNIA      = "CA"}
@string{COLORADO        = "CO"}
@string{GEORGIA         = "GA"}
@string{LOUISIANA       = "LA"}
@string{MARYLAND        = "MD"}
@string{MASSACHUSETTS   = "MA"}
@string{MISSOURI        = "MO"}
@string{NEW_JERSEY      = "NJ"}
@string{NEW_MEXICO      = "NM"}
@string{NEW_YORK        = "NY"}
@string{OREGON          = "OR"}
@string{PENNSYLVANIA    = "PA"}
@string{SOUTH_CAROLINA  = "SC"}
@string{TEXAS           = "TX"}
@string{WASHINGTON      = "WA"}
@string{WISCONSIN       = "WI"}

@string{BOSTON               = "Boston,\ " # MASSACHUSETTS}
@string{SAN_FRANCISCO        = "San Francisco,\ " # CALIFORNIA}
@string{WASHINGTON_DC        = "Washington,\ DC"}

@string{ACTS_1996_ADDR       = "Granada, Spain"}
@string{ASPLOS_1996_ADDR     = "Cambridge,\ " # MASSACHUSETTS}
@string{ASPLOS_2000_ADDR     = "Cambridge,\ " # MASSACHUSETTS}
@string{DANCE_2002_ADDR      = SAN_FRANCISCO}
@string{EWSCDA_1998_ADDR     = "Sintra, Portugal"}
@string{HOTI_1999_ADDR       = "Stanford,\ " # CALIFORNIA}
@string{HOTNETS_2002_ADDR    = "Princeton,\ " # NEW_JERSEY}
@string{HOTNETS_2003_ADDR    = "Cambridge,\ " # MASSACHUSETTS}
@string{HOTOS_1999_ADDR      = "Rio Rico,\ " # ARIZONA}
@string{HOTOS_2001_ADDR      = "Oberbayern, Germany"}
@string{ICFP_1998_ADDR       = "Baltimore,\ " # MARYLAND}
@string{ICDCS_1988_ADDR      = "San Jose,\ " # CALIFORNIA}
@string{ICDCS_2000_ADDR      = "Taipei, Taiwan"}
@string{ICC_2002_ADDR        = "New York City"}
@string{ICMCS_1994_ADDR      = "Boston,\ " # MASSACHUSETTS}
@string{ICNP_2003_ADDR       = "Atlanta,\ " # GEORGIA}
@string{ICS_2002_ADDR        = "New York City"}
@string{ICS_1988_ADDR        = "Saint Malo, France"}
@string{ICS_1989_ADDR        = "Crete, Greece"}
@string{ICS_1990_ADDR        = "Amsterdam, The Netherlands"}
@string{ICS_1991_ADDR        = "Cologne, West Germany"}
@string{ICS_1992_ADDR        = "Washington, DC"}
@string{ICS_1993_ADDR        = "Tokyo, Japan"}
@string{ICS_1994_ADDR        = "Manchester, England"}
@string{ICS_1995_ADDR        = "Barcelona, Spain"}
@string{ICS_1996_ADDR        = "Philadelphia,\ " # PENNSYLVANIA}
@string{ICS_1997_ADDR        = "Vienna, Austria"}
@string{ICS_1998_ADDR        = "Melbourne, Australia"}
@string{ICS_1999_ADDR        = "Rhodes, Greece"}
@string{ICS_2000_ADDR        = "Santa Fe,\ " # NEW_MEXICO}
@string{ICS_2001_ADDR        = "Sorrento, Italy"}
@string{INFOCOM_2000_ADDR    = "Tel-Aviv, Israel"}
@string{INFOCOM_2002_ADDR    = "New York City"}
@string{IPTPS_2002_ADDR      = "Cambridge,\ " # MASSACHUSETTS}
@string{ISCA_1998_ADDR       = "Barcelona, Spain"}
@string{LISA_1997_ADDR       = "San Diego,\ " # CALIFORNIA}
@string{LISA_2007_ADDR       = "Dallas,\ " # TEXAS}
@string{MIDDLEWARE_2001_ADDR = "Heidelberg, Germany"}
@string{MUG_2000_ADDR        = "Lyon, France"}
@string{NETWORKING_2002_ADDR = "Pisa, Italy"}
@string{NOSSDAV_1997_ADDR    = "St.~Louis,\ " # MISSOURI}
@string{NOSSDAV_1998_ADDR    = "Cambridge, UK"}
@string{OLS_ADDR             = "Ottawa, Ontario, Canada"}
@string{OPENARCH_2001_ADDR   = "Anchorage,\ " # ALASKA}
@string{OPENARCH_2002_ADDR   = "New York City"}
@string{OSDI_1994_ADDR       = "Monterey,\ " # CALIFORNIA}
@string{OSDI_1996_ADDR       = "Seattle,\ " # WASHINGTON}
@string{OSDI_1999_ADDR       = "New Orleans,\ " # LOUISIANA}
@string{OSDI_2002_ADDR       = "Boston,\ " # MASSACHUSETTS}
@string{NSDI_2004_ADDR       = "San Francisco,\ " # CALIFORNIA}
@string{NSDI_2005_ADDR       = "Boston,\ " # MASSACHUSETTS}
@string{NSDI_2006_ADDR       = "San Jose,\ " # CALIFORNIA}
@string{NSDI_2007_ADDR       = "Cambridge,\ " # MASSACHUSETTS}
@string{NSDI_2008_ADDR       = "San Francisco,\ " # CALIFORNIA}
@string{PERVASIVE_2002_ADDR  = "Zurich, Switzerland"}
@string{SANE_2000_ADDR       = "Maastricht, The Netherlands"}
@string{SIGCOMM_1988_ADDR    = "Stanford,\ " # CALIFORNIA}
@string{SIGCOMM_1992_ADDR    = "Baltimore,\ " # MARYLAND}
@string{SIGCOMM_1994_ADDR    = "London"}
@string{SIGCOMM_1996_ADDR    = "Stanford,\ " # CALIFORNIA}
@string{SIGCOMM_1997_ADDR    = "Cannes, France"}
@string{SIGCOMM_1998_ADDR    = "Vancouver, British Columbia, Canada"}
@string{SIGCOMM_1999_ADDR    = "Cambridge,\ " # MASSACHUSETTS}
@string{SIGCOMM_2001_ADDR    = "San Diego,\ " # CALIFORNIA}
@string{SIGMETRICS_2000_ADDR = "Santa Clara,\ " # CALIFORNIA}
@string{SIGMETRICS_2001_ADDR = "Cambridge,\ " # MASSACHUSETTS}
@string{SOSP_1995_ADDR       = "Copper Mountain Resort,\ " # COLORADO}
@string{SOSP_1999_ADDR       = "Kiawah Island Resort,\ " # SOUTH_CAROLINA}
@string{SOSP_2001_ADDR       = "Banff, Alberta, Canada"}
@string{SOSP_2003_ADDR       = "Lake George,\ " # NEW_YORK}
@string{USENIX_2005_ADDR     = "Anaheim,\ " # CALIFORNIA}
@string{USENIX_2004_ADDR     = "Boston,\ " # MASSACHUSETTS}
@string{USITS_2003_ADDR      = "Seattle,\ " # WASHINGTON}
@string{WISP_1998_ADDR       = "Madison,\ " # WISCONSIN}
@string{WSS_2000_ADDR        = "Seattle,\ " # WASHINGTON}

@string{JANUARY    = "Jan"}
@string{FEBRUARY   = "Feb"}
@string{MARCH      = "Mar"}
@string{APRIL      = "Apr"}
@string{MAY        = "May"}
@string{JUNE       = "Jun"}
@string{JULY       = "Jul"}
@string{AUGUST     = "Aug"}
@string{SEPTEMBER  = "Sep"}
@string{OCTOBER    = "Oct"}
@string{NOVEMBER   = "Nov"}
@string{DECEMBER   = "Dec"}



@String{pub-IEEE-STD            = "IEEE"}

@String{pub-IEEE-STD:adr        = "New York, NY, USA"}





@InProceedings{Alexander_SIGCOMM_1997,
   Author       = "D. Scott Alexander and Marianne Shaw and Scott M. Nettles
                   and Jonathan M. Smith",
   Title        = "{Active Bridging}",
   Booktitle    = SIGCOMM_1997,
   Address      = SIGCOMM_1997_ADDR,
   Pages        = "101--111",
   Month        = SEPTEMBER,
   Year         = 1997
}


@Manual{ACEnic_DS,
   Title        = "{{ACEnic} Server-Optimized 10/100/1000 Mbps Ethernet
                    Adapters Datasheet}",
   Organization = "{Alteon WebSystems, Inc.}",
   Address      = "San Jose,\ " # CALIFORNIA,
   Month        = AUGUST,
   Year         = 1999
}


@InProceedings{Alverson_ICS_1990,
   Author       = "R. Alverson and D. Callahan and D. Cummings and B. Koblenz
                   and A. Poterfield and B. Smith",
   Title        = "{The Tera Computer System}",
   Booktitle    = ICS_1990,
   Address      = ICS_1990_ADDR,
   Pages        = "1--6",
   Month        = JUNE,
   Year         = 1990
}


%              Andersen_SOSP_2001 -- AKA: Andersen01
@InProceedings{AndersenSOSP2001,
   Author       = "David Andersen and Hari Balakrishnan and Frans Kaashoek
                   and Robert Morris",
   Title        = "{Resilient Overlay Networks}",
   Booktitle    = SOSP_2001,
   Address      = SOSP_2001_ADDR,
   Pages        = "131--145",
   Month        = OCTOBER,
   Year         = 2001
}

@InProceedings{Annapureddy_NSDI_2005,
   Author       = "Siddhartha Annapureddy and Michael J. Freedman and David Mazi\`{e}res",
   Title        = "{Shark: Scaling File Servers via Cooperative Caching}",
   Booktitle    = NSDI_2005,
   Address      = NSDI_2005_ADDR,
   Month        = may,
   Year         = {2005},
}

@Misc{VMWare,
  key =          "VMWare",
  title =        "{VMWare Workstation}",
  note =         "\url{http://www.vmware.com/}",
}

@Misc{Apt,
  key =          "Apt",
  title =        "{Debian APT tool ported to Red Hat Linux}",
  note =         "\url{http://www.apt-get.org/}",
}


@Misc{storkwebsite,
  key =          "Stork",
  title =        "{Stork Project}",
  note =         "\url{http://www.cs.arizona.edu/stork/}",
}



@Article{Baker_RFC1812,
   Author       = "F. Baker",
   Title        = "{Requirements for {IP} Version 4 Routers; {RFC} 1812}",
   Journal      = RFC,
   Month        = JUNE,
   Year         = 1995
}


%              Balazinska_PERVASIVE_2002 -- AKA: Balazinska02,
@InProceedings{Balazinska_PERVASIVE_2002,
   Author       = "Magdalena Balazinska and Hari Balakrishnan and David Karger",
   Title        = "{INS/Twine: A Scalable Peer-to-Peer Architecture for 
                   Intentional Resource Discovery}",
   Booktitle    = PERVASIVE_2002,
   Address      = PERVASIVE_2002_ADDR,
   Pages        = "195--210",
   Month        = AUGUST,
   Year         = 2002
}


%              Banga_OSDI_1999 -- AKA: banga99resource
@InProceedings{Banga_OSDI_1999,
   Author       = "Gaurav Banga and Peter Druschel and Jeffrey C. Mogul",
   Title        = "{Resource Containers: A New Facility for Resource
                    Management in Server Systems}",
   Booktitle    = OSDI_1999,
   Address      = OSDI_1999_ADDR,
   Pages        = "45--58",
   Month        = FEBRUARY,
   Year         = "1999",
   url          = "citeseer.nj.nec.com/banga99resource.html"
}


@InProceedings{Barham_SOSP_2003,
   Author       = "Paul Barham and Boris Dragovic and Keir Fraser
                   and Steven Hand and Tim Harris and Alex Ho
                   and Rolf Neugebauer and Ian Pratt and Andrew Warfield",
   Title        = "{Xen and the {A}rt of {V}irtualization}",
   Booktitle    = SOSP_2003,
   Address      = SOSP_2003_ADDR,
   Month        = OCTOBER,
   Year         = 2003
}
% Needs pages


@TechReport{Bavier_TR_1999,
   Author       = "Andy Bavier and Larry Peterson and David Mosberger",
   Title        = "{{BERT}: A Scheduler for Best-Effort and Realtime Paths}",
   Institution  = "Department of Computer Science, Princeton University",
   Number       = "TR--602--99",
   Month        = MARCH,
   Year         = 1999
}


@TechReport{Bavier_TR_2002,
   Author       = "Andy Bavier and Thiemo Voigt and Mike Wawrzoniak
                   and Larry Peterson",
   Title        = "{{SILK}: Scout Paths in the Linux Kernel}",
   Institution  = "Department of Information Technology, Uppsala University",
   Address      = "Uppsala, Sweden",
   Number       = "2002--009",
   Month        = FEBRUARY,
   Year         = 2002
}

@InProceedings{Bavier_NSDI_2004,
   Author       = "Andy Bavier and Mic Bowman and David Culler and
                  Brent Chun and Scott Karlin and Steve Muir and " #
                  A_LLP # " and " # A_TR # " and Tammo Spalink and " #
                  A_MHW,
   Title        = "{Operating System Support for Planetary-Scale
                  Network Services}",
   Booktitle    = NSDI_2004,
   Address      = NSDI_2004_ADDR,
   Month        = mar,
   Year         = {2004},
}

@misc{plkmod_web_page,
   Author       = "{Plkmod: SILK in PlanetLab}",
   Title        = "",
   Note         = "\url{http://www.cs.princeton.edu/~acb/plkmod}"
}

@InProceedings{Bennett_SIGCOMM_1996,
   Author       = "Jon C. R. Bennett and Hui Zhang",
   Title        = "{Hierarchical Packet Fair Queueing Algorithms}",
   Comment      = "WF2Q+ is here",
   Booktitle    = SIGCOMM_1996,
   Address      = SIGCOMM_1996_ADDR,
   Pages        = "143--156",
   Month        = AUGUST,
   Year         = 1996
}


@InProceedings{Black_CCN_1997,
   Author       = "Richard Black and Paul Barham and Austin Donnelly
                   and Neil Stratford",
   Title        = "{Protocol {I}mplementation in a {V}ertically {S}tructured
                   {O}perating {S}ystem}",
   Booktitle    = "Proc.\ IEEE Conf.\ Comp.\ Networks",
   Month        = NOVEMBER,
   Year         = 1997
}
% Needs address, pages
%  Booktitle    = "Proceedings of IEEE Conference on Computer Networks",


@InProceedings{Blumrich_ISCA_1998,
   Author       = "Matthias A. Blumrich and Richard D. Alpert and Yuqun Chen
                   and Douglas W. Clark and Stefanos N. Damianakis
                   and Cezary Dubnicki and Edward W. Felten and Liviu Iftode
                   and Kai Li and Margaret Martonosi and Robert A. Shillner",
   Title        = "{Design Choices in the {SHRIMP} System: An Empirical Study}",
   Booktitle    = ISCA_1998,
   Address      = ISCA_1998_ADDR,
   Pages        = "330--341",
   Month        = JUNE,
   Year         = 1998
}


@Article{Boden_MICRO_1995,
   Author       = "Nanette J. Boden and Danny Cohen and Robert E. Felderman
                   and Alan E. Kulawik and Charles L. Seitz and Jakov N. Seizovic
                   and Wen-King Su",
   Title        = "{Myrinet: A Gigabit-per-Second Local Area Network}",
   Journal      = MICRO,
   Volume       = 15,
   Number       = 1,
   Pages        = "29--36",
   Year         = 1995
}


@InProceedings{Bolosky_WSS_2000,
   Author       = "William J. Bolosky and Scott Corbin and David Goebel
                   and John R. Douceur",
   Title        = "{Single Instance Storage in Windows 2000}",
   Booktitle    = WSS_2000,
   Address      = WSS_2000_ADDR,
   Pages        = "13--24",
   Month        = AUGUST,
   Year         = 2000
}

@InProceedings{Brett_WORLDS_2004,
   Author       = "Paul Brett and Rob Knauerhase and Mic Bowman and Robert Adams and Aroon Nataraj and Jeff Sedayao and Michael Spindel",
   Title        = "{A shared global event propagation system to enable next generation distributed services}",
   Booktitle    = WORLDS_2004,
   year =         2004,
   address =      SAN_FRANCISCO,
   month =        DECEMBER,
}

@InProceedings{Campbell_IXA_2001,
   Author       = "Andrew T. Campbell and S. Chou and Michael E. Kounavis
                   and V. D. Stachtos",
   Title        = "{Implementing Routelets: Virtual Router Support for the {IXP1200}
                    Network Processor}",
   Booktitle    = "Proceedings of the IXA University Program Workshop",
   Address      = "Portland, Oregon",
   Month        = JUNE,
   Year         = 2001
}

@InProceedings{Cappos_SSV_2010,
  author = "{Justin Cappos and Jonathan Jacky}",
  title = "{Model-based testing without a model: assessing portability in the Seattle testbed}",
  booktitle = "{The Fifth Workshop on Systems Software Verification (SSV)}",
  month = "October",
  year = "2010",
}


@InProceedings{Chiueh_ICDCS_2000,
   Author       = "{Tzi-cker} Chiueh and Prashant Pradhan",
   Title        = "{Suez: A Cluster-based Scalable Real-Time Packet Router}",
   Booktitle    = ICDCS_2000,
   Address      = ICDCS_2000_ADDR,
   Pages        = "136--143",
   Year         = 2000
}


%              Chu_SIGMETRICS_2000 -- AKA: Chu00,
@InProceedings{Chu_SIGMETRICS_2000,
   Author       = "{Yang-hua} Chu and Sanjay Rao and Hui Zhang",
   Title        = "{A Case For End System Multicast}",
   Booktitle    = SIGMETRICS_2000,
   Address      = SIGMETRICS_2000_ADDR,
   Pages        = "1--12",
   Month        = JUNE,
   Year         = 2000
}


@Misc{Chun02,
   Author       = "Brent Chun and Jason Lee and Hakim Weatherspoon",
   Title        = "{Netbait: a Distributed Worm Detection Service}",
   Note         = "\url{http://netbait.planet-lab.org/}",
   Year         = 2002
}




@article{Chun_CCR_2003,
 author = {Chun, Brent and Culler, David and Roscoe, Timothy and Bavier, Andy and Peterson, Larry and Wawrzoniak, Mike and Bowman, Mic},
 title = {{PlanetLab}: An Overlay Testbed for Broad-coverage Services},
 journal = {SIGCOMM Comput. Commun. Rev.},
 issue_date = {July 2003},
 volume = {33},
 number = {3},
 month = jul,
 year = {2003},
 issn = {0146-4833},
 pages = {3--12},
 numpages = {10},
 url = {http://doi.acm.org/10.1145/956993.956995},
 doi = {10.1145/956993.956995},
 acmid = {956995},
 publisher = {ACM},
 address = {New York, NY, USA},
} 

@inproceedings{ Chutani_USENIX_1992,
    author = "S. Chutani and O. T. Anderson and M. L. Kazar and B. W. Leverett and W. A. Mason and R. N. Sidebotham",
    title = "The {Episode} File System",
    booktitle = "Proceedings of the {USENIX} Winter 1992 Technical Conference",
    address = "San Fransisco, CA, USA",
    pages = "43--60",
    year = "1992",
    url = "citeseer.ist.psu.edu/chutani92episode.html" }


@InProceedings{Clark_SIGCOMM_1988,
   Author       = "David D. Clark",
   Title        = "{The Design Philosophy of the {DARPA} Internet Protocols}",
   Booktitle    = SIGCOMM_1988,
   Address      = SIGCOMM_1988_ADDR,
   Pages        = "106--114",
   Month        = AUGUST,
   Year         = 1988
}


@Article{Clark_TON_1998,
   Author       = "David D. Clark and Wenjia Fang",
   Title        = "{Explicit Allocation of Best-Effort Packet Delivery Service}",
   Journal      = TON,
   Volume       = 6,
   Number       = 4,
   Pages        = "362--373",
   Month        = AUGUST,
   Year         = 1998
}


@InProceedings{Clark_SIGCOMM_1992,
   Author       = "David D. Clark and Scott Shenker and Lixia Zhang",
   Title        = "{Supporting Real-Time Applications in an Integrated
                    Services Packet Network: Architecture and Mechanism}",
   Booktitle    = SIGCOMM_1992,
   Address      = SIGCOMM_1992_ADDR,
   Pages        = "14--26",
   Month        = AUGUST,
   Year         = 1992
}

@InProceedings{BitTorrent,
   Author       = "Bram Cohen",
   Title        = "{Incentives Build Robustness in BitTorrent}",
   booktitle =    "Workshop on Economics of Peer-to-Peer Systems",
   year =         2003,
}


@Article{Bugnion_TOCS_1997,
   Author       = "Edouard Bugnion and Scott Devine and Kinshuk Govil and Mendel Rosenblum",
   Title        = "{Disco: running commodity operating systems on scalable multiprocessors}",
   Journal      = TOCS,
   Volume       = 15,
   Number       = 4,
   Pages        = "412--447",
   Month        = NOVEMBER,
   Year         = 1997
}

@rfc{Carpenter_2002,
 author = {B. Carpenter and S. Brim},
 title = {Middleboxes: Taxonomy and Issues (RFC 3234)},
 year = {2002},
 publisher = {RFC Editor},
 address = {United States},
} 

@inproceedings{ Chankhunthod_USENIX_1996,
    author = "Anawat Chankhunthod and Peter B. Danzig and Chuck Neerdaels and Michael F. Schwartz and Kurt J. Worrell",
    title = "A Hierarchical Internet Object Cache",
    booktitle = "{USENIX} Annual Technical Conference",
    pages = "153-164",
    year = "1996",
    url = "citeseer.ist.psu.edu/article/chankhunthod95hierarchical.html" }


@Misc{CORBA,
  title =        "{Common Object Request Broker Architecture
                  (CORBA)}",
  author =       "{Object Management Group (OMG)}",
  note =         "\url{http://www.corba.org/}"
}


@InProceedings{Crowley_2000,
   Author       = "Patrick Crowley and Marc E. Fiuczynski and Jean-Loup Baer and Brian N. Bershad",
   Title        = "{Workloads for Programmable Network Interfaces}",
   Booktitle    = "IEEE 2nd Annual Workshop on Workload Characterization",
   Address      = "Austin, Texas",
   Note         = "Also appears as Chapter 7 in~\cite{John_2000}",
   Comment      = "Be sure to use \nocite{John_2000} when referencing this
                   work to avoid extra LaTeX / BibTeX cycles",
   Month        = OCTOBER,
   Year         = 1999
}


@manual{VIA_1.0,
   Title        = "{Virtual Interface Architecture Specification, Version~1.0}",
   Organization = "{Compaq Computer Corporation, Intel Corporation,
                    Microsoft Corporation}",
   Month        = DECEMBER,
   Year         = 1997
}


%              Dabek_SOSP_2001 -- AKA: Dabek01
@InProceedings{Dabek_SOSP_2001,
   Author       = "Frank Dabek and M. Frans Kaashoek and David Karger and 
                   Robert Morris and Ion Stoica",
   Title        = "{Wide-area cooperative storage with CFS}",
   Booktitle    = SOSP_2001,
   Address      = SOSP_2001_ADDR,
   Pages        = "202--215",
   Month        = OCTOBER,
   Year         = 2001
}


@InProceedings{Dasen_ACTS_1996,
   Author       = "Marcel Dasen and George Fankhauser and Bernhard Plattner",
   Title        = "{An Error Tolerant, Scalable Video Stream Encoding and
                    Compression for Mobile Computing}",
   Booktitle    = ACTS_1996,
   Address      = ACTS_1996_ADDR,
   Pages        = "762--771",
   Month        = NOVEMBER,
   Year         = "1996"
}


@Misc{Davie_PC_1999,
   Author       = "Bruce Davie",
   Note         = "Personal Communication",
   Month        = AUGUST,
   Year         = 1999
}


@Book{Davie_MPLS_2000,
   Author       = "Bruce Davie and Yakov Rekhter",
   Title        = "{MPLS: Technology and Applications}",
   Publisher    = "Morgan Kaufmann Publishers, Inc.",
   Year         = 2000
}


@InProceedings{Decasper_SIGCOMM_1998,
   Author       = "Dan Decasper and Zubin Dittia and Guru Parulkar
                   and Bernhard Plattner",
   Title        = "{Router Plugins: A Software Architecture for Next
                    Generation Routers}",
   Booktitle    = SIGCOMM_1998,
   Address      = SIGCOMM_1998_ADDR,
   Pages        = "229--240",
   Month        = SEPTEMBER,
   Year         = 1998
}


@Article{Decasper_TON_2000,
   Author       = "Dan Decasper and Zubin Dittia and Guru Parulkar
                   and Bernhard Plattner",
   Title        = "{Router Plugins: A Software Architecture for Next
                    Generation Routers}",
   Journal      = TON,
   Volume       = 8,
   Number       = 1,
   Pages        = {2--15},
   Month        = FEBRUARY,
   Year         = 2000,
}


@InProceedings{Degermark_SIGCOMM_1997,
   Author       = "Mikael Degermark and Andrej Brodnik and Svante Carlsson
                   and Stephen Pink",
   Title        = "{Small Forwarding Tables for Fast Routing Lookups}",
   Booktitle    = SIGCOMM_1997,
   Address      = SIGCOMM_1997_ADDR,
   Pages        = "3--14",
   Month        = OCTOBER,
   Year         = 1998
}

@misc{dor,
   key = "Digital object registry",
   title = "{Digital Object Registry}",
   note = "{\url{http://doregistry.org/index.html}}",
}



@INPROCEEDINGS{Dingledine_USENIX_SEC_2004,
    author = {Roger Dingledine and Nick Mathewson and Paul Syverson},
    title = {Tor: The Second-Generation Onion Router},
    booktitle = USENIX_SEC,
    address = USENIX_SEC_ADDR,
    year = {2004}
}


@Manual{Pamette_UG_1998,
   Title        = "{DIGITAL PCI Development Platform Reconfigurable Hardware
                    Device for the PCI Bus User's Guide}",
   Organization = "{Digital Equipment Corporation}",
   Note         = "{\url{http://www.research.digital.com/SRC/pamette/}}",
   Address      = "Maynard,\ " # MASSACHUSETTS,
   Month        = APRIL,
   Year         = 1998
}


@InProceedings{Dike_LSC_2001,
   Author       = "Jeff Dike",
   Title        = "{User-mode {Linux}}",
   Booktitle    = "Proceedings of the 5th Annual Linux Showcase and Conference",
   Address      = "Oakland,\ " # CALIFORNIA,
   Month        = NOVEMBER,
   Year         = 2001,
}
% Need pages


@Misc{dpkg,
  key =          "dpkg",
  title =        "{Debian -- dpkg}",
  note =         "\url{http://packages.debian.org/stable/base/dpkg}",
}


@InProceedings{Draves_WWOS_1992,
  author =       "R. P. Draves and B. N. Bershad and A. F. Forin",
  title =        "{Using Microbenchmarks to Evaluate System Performance}",
  booktitle =    WWOS_1992,
  pages =        "154--159",
  month =        APRIL,
  year =         1992,
}

@InProceedings{Druschel_OSDI_1996,
   Author       = "Peter Druschel and Gaurav Banga",
   Title        = "{Lazy Receiver Processing ({LRP}): A Network Subsystem
                    Architecture for Server Systems}",
   Booktitle    = OSDI_1996,
   Address      = OSDI_1996_ADDR,
   Pages        = "261--275",
   Month        = OCTOBER,
   Year         = 1996
}


@InProceedings{Druschel_SIGCOMM_1994,
   Author       = "Peter Druschel and Larry L. Peterson and Bruce S. Davie",
   Title        = "{Experiences with a High-Speed Network Adaptor: A Software
                    Perspective}",
   Booktitle    = SIGCOMM_1994,
   Address      = SIGCOMM_1994_ADDR,
   Pages        = "2--13",
   Month        = OCTOBER,
   Year         = 1994
}


%              Engler_SIGCOMM_1996 -- AKA: dpf:sigcomm96
@InProceedings{Engler_SIGCOMM_1996,
   Author       = "Dawson R. Engler and M. Frans Kaashoek",
   Title        = "{DPF}: fast, flexible message demultiplexing using dynamic
                   code generation",
   Booktitle    = SIGCOMM_1996,
   Address      = SIGCOMM_1996_ADDR,
   Pages        = "53--59",
   Month        = AUGUST,
   Year         = 1996
}


%     ENSIM_2000 -- AKA: ensim
@Misc{ENSIM_WEB,
   Author       = "{Ensim Corp.}",
   Title        = "{Ensim Virtual Private Server}",
   HowPublished = "{\url{http://www.ensim.com/products/\\
privateservers/index.html}}",
}


@Article{Eugster_ACMCS_2003,
  author =       "Patrick Th. Eugster and Pascal Felber and Rachid Guerraoui and Anne-Marie Kermarrec",
  title =        "{The Many Faces of Publish/Subscribe}",
  Journal =    "ACM Computing Surveys",
  Volume       = 35,
  Number       = 2,
  Pages        = "114--131",
  Month        = JUNE,
  year =         2003,
}


@TechReport{Fankhauser_TR_1998,
   Author       = "George Fankhauser and Marcel Dasen and Nathalie Weiler
                   and Bernhard Plattner and Burkhard Stiller",
   Title        = "{The {WaveVideo} System and Network Architecture: Design and
                    Implementation}",
   Number       = 44,
   Institution  = {Institute TIK},
   Address      = {Gloriastrasse 35, 8092 Z\"urich, Switzerland},
   Month        = JUNE,
   Year         = 1998
}


@Article{Fielding_RFC2616,
   Author       = "R. Fielding and J. Gettys and J. C. Mogul and H. Frystyk
                   and L. Masinter and P. Leach and T. Berners-Lee",
   Title        = "{Hypertext Transfer Protocol -- {HTTP}/1.1; {RFC} 2616}",
   Journal      = RFC,
   Month        = JUNE,
   Year         = 1999
}


@InProceedings{Fiuczynski_NOSSDAV_1998,
   Author       = "Marc E. Fiuczynski and Richard P. Martin and Tsutomu Owa
                   and Brian N. Bershad",
   Title        = "{On Using Intelligent Network Interface Cards to support
                    Multimedia Applications}",
   Booktitle    = NOSSDAV_1998,
   Address      = NOSSDAV_1998_ADDR,
   Pages        = "95--98",
   Month        = JULY,
   Year         = 1998,
}


@InProceedings{Fiuczynski_EWSCDA_1998,
   Author       = "Marc E. Fiuczynski and Richard P. Martin and Tsutomu Owa
                   and Brian N. Bershad",
   Title        = "{{SPINE}: A Safe Programmable and Integrated Network Environment}",
   Booktitle    = EWSCDA_1998,
   Address      = EWSCDA_1998_ADDR,
   Pages        = "7--12",
   Month        = SEPTEMBER,
   Year         = 1998
}


@TechReport{Fiuczynski_TR_1998,
   Author       = "Marc E. Fiuczynski and Brian N. Bershad and Richard P. Martin
                   and David E. Culler",
   Title        = "{{SPINE:} An Operating System for Intelligent Network Adapters}",
   Number       = "UW TR--98--08--01",
   Institution  = "University of Washington",
   Address      = "Seattle, WA",
   Month        = AUGUST,
   Year         = 1998
}


@InProceedings{Ford_OSDI_1999,
  author =       "Bryan Ford and Mike Hibler and Jay Lepreau and
                  Roland McGrath and Patrick Tullmann",
  title =        "{Interface and Execution Models in the Fluke Kernel}",
  booktitle =    OSDI_1999,
  address =      OSDI_1999_ADDR,
  month =        FEBRUARY,
  year =         1999
}

@INPROCEEDINGS{Ford_USENIX_2005,
  author =       "Bryan Ford and Pyda Srisuresh and Dan Kegel",
  title =        "{Peer-to-peer Communication Across Network Address Translators}",
  booktitle =    USENIX_2005,
  address =      USENIX_2005_ADDR,
  year =         2005,
  month =        APRIL
}


@Book{Foster_GRID_1999,
   Editor       = "Ian Foster and Carl Kesselman",
   Title        = "{The Grid: Blueprint for a New Computing Infrastructure}",
   Publisher    = "Morgan Kaufmann Publishers, Inc.",
   Year         = 1999
}


%     Foster_GRID_2002 -- AKA: foster02physiogrid
@Misc{Foster_GRID_2002,
   Author       = "Ian Foster and Carl Kesselman and Jeffrey M. Nick
                   and Steven Tuecke",
   Title        = "{The Physiology of the Grid: An Open Grid Services
                    Architecture for Distributed Systems Integration}",
   HowPublished = "{\url{www.gridforum.org/ogsi-wg/drafts/ogsa_draft2.9_2002-06-22.pdf}}",
   Month        = JUNE,
   Year         = 2002,
}
%   Note         = {draft 2.9}


@InProceedings{Fournet_POPL_2002,
  author =       "Cedric Fournet and Andrew D. Gordon",
  title =        "{Stack Inspection: Theory and Variants}",
  booktitle =    "Proceedings of the 29th ACM Symposium on Principles
                  of Programming Languages",
  year =         2002,
  address =      "Portland, " # OREGON,
  month =        JANUARY,
}


@InProceedings{Fox_ASPLOS_1996,
   Author       = "Armando Fox and Steven D. Gribble and Eric A. Brewer
                   and Elan Amir",
   Title        = "{Adapting to Network and Client Variability via
                    On-Demand Dynamic Distillation}",
   Booktitle    = ASPLOS_1996,
   Address      = ASPLOS_1996_ADDR,
   Pages        = "160--170",
   Month        = OCTOBER,
   Year         = 1996
}


@InProceedings{Freedman_NSDI_2004,
   Author       = "Michael J. Freedman and Eric Freudenthal and David Mazi\`{e}res",
   Title        = "Democratizing content publication with Coral",
   Booktitle    = NSDI_2004,
   Address      = NSDI_2004_ADDR,
   Month        = mar,
   Year         = 2004
}



%              Fu_SOSP_2003 -- AKA: fu.sharp.2003
@InProceedings{Fu_SOSP_2003,
   Author       = "Yun Fu and Jeff Chase and Brent Chun and Steve Schwab and Amin Vahdat",
   Title        = "SHARP: An Architecture for Secure Resource Peering",
   Booktitle    = SOSP_2003,
   Address      = SOSP_2003_ADDR,
   Month        = OCTOBER,
   Year         = 2003
}
% Needs pages

@Article{Fu_TOCS_2002,
   Author       = "Kevin Fu and M. Frans Kaashoek and David Mazi\`{e}res",
   Title        = "{The {Click} Modular Router}",
   Journal      = TOCS,
   Volume       = 20,
   Number       = 1,
   Pages        = "1--24",
   Month        = FEBRUARY,
   Year         = 2002
}


@InProceedings{Garfinkel_SNDSS_2004,
  author =       "T. Garfinkel and B. Pfaff and M. Rosenblum",
  title =        "{Ostia: A Delegating Architecture for Secure System
                  Call Interposition}",
  booktitle =    "Proc.\ 2004 Symposium on Network and Distributed
                  System Security",
  year =         2004,
}

@InProceedings{Ghemawat_SOSP_2003,
  author =       "Sanjay Ghemawat and Howard Gobioff and Shun-Tak Leung",
  title =        "{The Google file system}",
  booktitle =    SOSP_2003,
  address      = SOSP_2003_ADDR,
  month        = OCTOBER,
  year =         2003
}

@Book{Gong_1999,
  author =       "L. Gong",
  title =        "{Inside Java 2 Platform Security}",
  publisher =    "Addison Wesley",
  year =         1999
}

@InProceedings{Gottlieb_OPENARCH_2002,
   Author       = "Yitzchak Gottlieb and Larry Peterson",
   Title        = "{A Comparative Study of Extensible Routers}",
   Booktitle    = OPENARCH_2002,
   Address      = OPENARCH_2002_ADDR,
   Pages        = "51--62",
   Month        = JUNE,
   Year         = 2002
}


@InProceedings{Goyal_SIGCOMM_1996,
   Author       = "Pawan Goyal and Harrick M. Vin and Haichen Cheng",
   Title        = "{Start-time Fair Queueing: A Scheduling Algorithm for
                    Integrated Services Packet Switching Networks}",
   Booktitle    = SIGCOMM_1996,
   Address      = SIGCOMM_1996_ADDR,
   Pages        = "157--168",
   Month        = AUGUST,
   Year         = 1996
}


@InProceedings{Goyal_OSDI_1996,
   Author       = "Pawan Goyal and Xingang Guo and Harrick Vin",
   Title        = "{A Hierarchical {CPU} Scheduler for Multimedia Operating
                    Systems}",
   Booktitle    = OSDI_1996,
   Address      = OSDI_1996_ADDR,
   Pages        = "107--122",
   Month        = OCTOBER,
   Year         = 1996
}


@Book{Habermann_1976,
   Author       = "A. N. Habermann",
   Title        = "{Introduction to Operating System Design}",
   Publisher    = "Science Research Associates, Inc.",
   Year         = 1976
}


@InBook{Habermann_1976_crit,
   Author       = "A. N. Habermann",
   Title        = "{Introduction to Operating System Design}",
   Publisher    = "Science Research Associates, Inc.",
   Pages        = "72--75",
   Year         = 1976
}


@Misc{Hady_PC_2002,
   Author       = "Frank Hady",
   Note         = "Personal Communication",
   Month        = JUNE,
   Year         = 2002
}


%        Hardy_OSR_1985 -- AKA: hardy85
@Article{Hardy_OSR_1985,
   Author       = "Norman Hardy",
   Title        = "{The {KeyKOS} {A}rchitecture}",
   Journal      = OSR,
   Volume       = 19,
   Number       = 4,
   Pages        = "8--25",
   Month        = OCTOBER,
   Year         = 1985
}

@InProceedings{Hicks_ICFP_1998,
   Author       = "Michael Hicks and Pankaj Kakkar and Jonathan T. Moore
                   and Carl A. Gunter and Scott Nettles",
   Title        = "{PLAN}: {A} Packet Language for Active Networks",
   Booktitle    = ICFP_1998,
   Address      = ICFP_1998_ADDR,
   Pages        = "86--93",
   Month        = SEPTEMBER,
   Year         = 1998
}



@inproceedings{ Hitz_USENIX_94,
    author = "D. Hitz and J. Lau and M. Malcolm",
    title = "File System Design for an {NFS} File Server Appliance",
    booktitle = "Proceedings of the {USENIX} Winter 1994 Technical Conference",
    month = "17--21",
    address = "San Fransisco, CA, USA",
    pages = "235--246",
    year = "1994",
    url = "citeseer.ist.psu.edu/hitz95file.html" }




@article{Howard_TOCS_1988,
 author = {John H. Howard and Michael L. Kazar and Sherri G. Menees and David A. Nichols and M. Satyanarayanan and Robert N. Sidebotham and Michael J. West},
 title = {Scale and performance in a distributed file system},
 journal = {ACM Trans. Comput. Syst.},
 volume = {6},
 number = {1},
 year = {1988},
 issn = {0734-2071},
 pages = {51--81},
 doi = {http://doi.acm.org/10.1145/35037.35059},
 publisher = {ACM Press},
 address = {New York, NY, USA},
 }


@Manual{IBM_PowerNP,
   Title        = "{{IBM} {PowerNP} NP4GS3 Network Processor Solutions Product Overview}",
   Organization = "IBM Microelectronics Division",
   Month        = APRIL,
   Year         = 2001
}


@Manual{IEEE_802_3,
   Author       = "{IEEE Standard 802.3}",
   Title        = "{Part 3: Carrier sense multiple access with collision
                    detection (CSMA/CD) access method and physical layer
                    specifications}",
   Organization = "IEEE",
   Address      = "New York, NY",
   Month        = OCTOBER,
   Year         = 2000
}


@Manual{InfiniBand_1.0_v1,
   Title        = "{InfiniBand Architecture Specification, Release~1.0}",
   Organization = "{InfiniBand Trade Association}",
   Volume       = 1,
   Month        = OCTOBER,
   Year         = 2000
}


@Manual{IXP1200DS,
   Title        = "{{IXP1200} Network Processor Datasheet}",
   Organization = "{Intel Corporation}",
   Month        = SEPTEMBER,
   Year         = 2000
}


@Manual{IXP1200EESUG,
   Title        = "{{IXP1200} Network Processor
                    Ethernet Evaluation System User's Guide}",
   Organization = "{Intel Corporation}",
   Month        = OCTOBER,
   Year         = 2000
}


@Manual{Intel_IXP12EB,
   Title        = "{{IXP12EB} {Intel} {IXP1200} Network Processor
                    {Ethernet} Evaluation Kit Product Brief}",
   Organization = "{Intel Corporation}",
   Year         = 2000
}


@Manual{I2O_2.0,
   Title        = "{Intelligent I/O (${\mathrm{I_2 O}}$) Architecture
                    Specification, Version~2.0}",
   Organization = "{Intelligent I/O (${\mathrm{I_2 O}}$) Special
                    Interest Group}",
   Month        = MARCH,
   Year         = 1999
}



@InProceedings{Jim_USENIX_2002,
  author =       "Trevor Jim and Greg Morrisett and Dan Grossman and
                  Michael Hicks",
  title =        "{Cyclone: A Safe Dialect of C}",
  booktitle =    USENIX_2002,
  year =         2002,
  address =      "Monterey, CA",
  month =        JUNE,
}


@Misc{Jin_2003,
   Author       = "C. Jin and D. Wei and S. H. Low and G. Buhrmaster and J. Bunn
                   and D. H. Choe and R. L. A.  Cottrell and J. C. Doyle
                   and W. Feng and O. Martin and H. Newman and F. Paganini
                   and S. Ravot and S. Singh",
   Title        = "{FAST TCP: From Theory to Experiments}",
   Note         = "Submitted for publication",
   Month        = APRIL,
   Year         = 2003
}


@Book{John_2000,
   Editor       = "Lizy Kurian John and Ann Marie Grizzaffi Maynard",
   Title        = "{Workload Characterization for Computer System Design}",
   Publisher    = "Kluwer Academic Publishers",
   Address      = "Boston,\ " # MASSACHUSETTS,
   Month        = MARCH,
   Year         = 2000
}


@InProceedings{Kamp_SANE_2000,
   Author       = "Poul-Henning Kamp and Robert N. M. Watson",
   Title        = "{Jails: {C}onfining the {O}mnipotent {R}oot}",
   Booktitle    = SANE_2000,
   Address      = SANE_2000_ADDR,
   Month        = MAY,
   Year         = 2000,
}
% Needs pages


@TechReport{Karlin_TR_1999,
   Author       = "Scott C. Karlin and Douglas W. Clark and Margaret Martonosi",
   Title        = "{{SurfBoard} -- A Hardware Performance Monitor for {SHRIMP}}",
   Institution  = "Princeton University",
   Number       = "TR--596--99",
   Month        = MARCH,
   Year         = 1999
}


@TechReport{Karlin_TR_2002a,
   Author       = "Scott Karlin and Larry Peterson",
   Title        = "{Maximum Packet Rates for Full-Duplex Ethernet}",
   Institution  = "Princeton University",
   Number       = "TR--645--02",
   Month        = FEBRUARY,
   Year         = 2002
}


@InProceedings{Karlin_OPENARCH_2001,
   Author       = "Scott Karlin and Larry Peterson",
   Title        = "{{VERA}: An Extensible Router Architecture}",
   Booktitle    = OPENARCH_2001,
   Address      = OPENARCH_2001_ADDR,
   Pages        = "3--14",
   Month        = APRIL,
   Year         = 2001
}


@Article{Karlin_COMPNW_2002,
   Author       = "Scott Karlin and Larry Peterson",
   Title        = "{{VERA}: An Extensible Router Architecture}",
   Journal      = COMPUTER_NET,
   Volume       = 38,
   Number       = 3,
   Pages        = "277--293",
   Month        = FEBRUARY,
   Year         = 2002
}


@TechReport{Katcher_TR_3022,
  author =       "Jeffery Katcher",
  title =        "{PostMark: A New File System Benchmark}",
  institution =  "{Network Appliance, Inc.}",
  number =       "TR3022",
}


@InProceedings{Keller_INFOCOM_2000,
   Author       = "Ralph Keller and Sumi Choi and Dan Decasper and Marcel Dasen
                   and George Fankhauser and Bernhard Plattner",
   Title        = "{An Active Router Architecture for Multicast Video
                    Distribution}",
   Booktitle    = INFOCOM_2000,
   Address      = INFOCOM_2000_ADDR,
   Pages        = "1137--1146",
   Month        = MARCH,
   Year         = 2000
}


@Article{Kohler_TOCS_2000,
   Author       = "Eddie Kohler and Robert Morris and Benjie Chen
                   and John Jannotti and M. Frans Kaashoek",
   Title        = "{The {Click} Modular Router}",
   Journal      = TOCS,
   Volume       = 18,
   Number       = 3,
   Pages        = "263--297",
   Month        = AUGUST,
   Year         = 2000
}


%              Kostic_SOSP_2003 -- AKA: bullet-sosp-03
@InProceedings{Kostic_SOSP_2003,
   Author       = "Dejan Kosti\'c and Adolfo Rodriguez and Jeannie Albrecht
                   and Amin Vahdat",
   Title        = "{Bullet: High Bandwidth Data Dissemination Using an
                    Overlay Mesh}",
   Booktitle    = SOSP_2003,
   Address      = SOSP_2003_ADDR,
   Month        = OCTOBER,
   Year         = 2003
}
% Needs pages


@InProceedings{Kotsovinos_WORLDS_2004,
  author =       "Evangelos Kotsovinos and Tim Moreton and Ian Pratt
                  and Russ Ross and Keir Fraser and Steven Hand and
                  Tim Harris",
  title =        "{Global-scale service deployment in the XenoServer
                  platform}",
  booktitle =    WORLDS_2004,
  year =         2004,
  address =      SAN_FRANCISCO,
  month =        DECEMBER,
}


@Article{Kounavis_JSAC_2001,
   Author       = "Michael E. Kounavis and Andrew T. Campell and Stephen Chou
                   and Fabien Modoux and John Vicente and Hao Zhuang",
   Title        = "{The {Genesis} Kernel: A Programming System for Spawning
                    Network Architectures}",
   Journal      = JSAC,
   Volume       = 19,
   Number       = 3,
   Pages        = "511--526",
   Month        = MARCH,
   Year         = 2001
}


%              Kubiatowicz_ASPLOS_2000 -- AKA: Kubiatowicz00
@InProceedings{Kubiatowicz_ASPLOS_2000,
   Author       = "John Kubiatowicz and David Bindel and Yan Chen
                   and Steven Czerwinski and Patrick Eaton and Dennis Geels
                   and Ramakrishna Gummadi and Sean Rhea
                   and Hakim Weatherspoon and Westley Weimer
                   and Chris Wells and Ben Zhao",
   Title        = "{OceanStore: An Architecture for Global-Scale Persistent 
                   Storage}",
   Booktitle    = ASPLOS_2000,
   Address      = ASPLOS_2000_ADDR,
   Pages        = "190--201",
   Month        = NOVEMBER,
   Year         = 2000
}


@InProceedings{Kuhns_DANCE_2002,
   Author       = "Fred Kuhns and John DeHart and Anshul Kantawala
                   and Ralph Keller and John Lockwood and Prashanth Pappu
                   and David Richards and David Taylor and Jyoti Parwatikar
                   and Ed Spitznagel and Jon Turner and Ken Wong",
   Title        = "{Design of a High Performance Dynamically Extensible Router}",
   Booktitle    = DANCE_2002,
   Address      = DANCE_2002_ADDR,
   Pages        = "42--64",
   Month        = MAY,
   Year         = 2002
}


@InProceedings{Lakshman_SIGCOMM_1998,
   Author       = "T. V. Lakshman and D. Stiliadis",
   Title        = "{High Speed Policy-based Packet Forwarding Using Efficient
                    Multi-dimensional Range Matching}",
   Booktitle    = SIGCOMM_1998,
   Address      = SIGCOMM_1998_ADDR,
   Pages        = "203--214",
   Month        = SEPTEMBER,
   Year         = 1998
}


@Article{Lamport_CACM_1978,
  author =       "Leslie Lamport",
  title =        "{Time, clocks, and the ordering of events in a
                  distributed system}",
  journal =      CACM,
  year =         1978,
  volume =       21,
  number =       7,
  pages =        "558--565",
  month =        JULY
}

@Article{Lauer_OSR_1979,
   Author       = "H. C. Lauer and R. M. Needham",
   Title        = "{On the Duality of Operating System Structures}",
   Journal      = "Operating Systems Review",
   Volume       = 13,
   Number       = 2,
   Pages        = "3--19",
   Month        = APRIL,
   Year         = 1979
}


@InProceedings{Lavian_HOTOS_2001,
   Author       = "Tal Lavian and Phil Yonghui Wang",
   Title        = "{Active Networking on A Programmable Network Platform}",
   Booktitle    = HOTOS_2001,
   Address      = HOTOS_2001_ADDR,
   Month        = APRIL,
   Year         = 2001
}


@Article{Lee_Computer_2000,
   Author       = "Edward A. Lee",
   Title        = "{What's Ahead for Embedded Software?}",
   Journal      = COMPUTER,
   Volume       = 33,
   Number       = 9,
   Pages        = "18--26",
   Month        = SEPTEMBER,
   Year         = 2000
}


@InProceedings{Lepe_NETWORKING_2002,
   Author       = "Oscar-Iv{\'\a}n Lepe-Aldama and Jorge Garc{\'\i}a-Vidal",
   Title        = "{I/O Bus Usage Control in PC-Based Software Routers}",
   Booktitle    = NETWORKING_2002,
   Address      = NETWORKING_2002_ADDR,
   Pages        = "1135--1140",
   Month        = MAY,
   Year         = 2002
}


@InProceedings{Lepe_ICC_2002,
   Author       = "Oscar-Iv{\'\a}n Lepe-Aldama and Jorge Garc{\'\i}a-Vidal",
   Title        = "{A Performance Model of a PC Based IP Software Router}",
   Booktitle    = ICC_2002,
   Address      = ICC_2002_ADDR,
   Volume       = 2,
   Pages        = "1230--1235",
   Month        = APRIL,
   Year         = 2002
}


%        Leslie_JSAC_1996 -- AKA: leslie96design
@Article{Leslie_JSAC_1996,
   Author       = "Ian M. Leslie and Derek McAuley and Richard Black
                   and Timothy Roscoe and Paul T. Barham and David Evers
                   and Robin Fairbairns and Eoin Hyden",
   Title        = "{The Design and Implementation of an Operating System
                    to Support Distributed Multimedia Applications}",
   Journal      = JSAC,
   Volume       = 14,
   Number       = 7,
   Pages        = "1280--1297",
   Year         = 1996,
   url          = "citeseer.nj.nec.com/leslie96design.html"
}


%     LARTC -- AKA: lartc
@misc{LARTC,
   Author       = "{Linux Advanced Routing and Traffic Control}",
   Title        = "",
   Note         = "{\url{http://lartc.org/}}"
}


%              Litzkow_ICDCS_1988 -- AKA: condor-hunter
@InProceedings{Litzkow_ICDCS_1988,
   Author       = "Michael Litzkow and Miron Livny and Matthew Mutka",
   Title        = "{{C}ondor - A Hunter of Idle Workstations}",
   Booktitle    = ICDCS_1988,
   Address      = ICDCS_1988_ADDR,
   Pages        = "104--111",
   Month        = JUNE,
   Year         = 1988
}


@InProceedings{Loscocco_FREENIX_2001,
  author =       "Peter Loscocco and Stephen Smalley",
  title =        "{Integrating Flexible Support for Security Policies
                  into the Linux Operating System}",
  booktitle =    "Proc. of the 2001 " # USENIX # " (FREENIX Track)",
  year =         2001,
  address =      BOSTON,
  month =        JUNE,
}

@TECHREPORT{Mahy_2010,
AUTHOR={Mahy, R. and Matthews, P. and Rosenberg, J.},
TITLE={Traversal Using Relays around {NAT} ({TURN}): Relay Extensions to Session Traversal Utilities for {NAT}},
TYPE={{RFC 5766}},
INSTITUTION="Internet Engineering Task Force",
YEAR=2010
}



@Article{Martonosi_IJPDSN_1998,
   Author       = "Margaret Martonosi and Scott Karlin and Cheng Liao
                   and Douglas W. Clark",
   Title        = "{Performance Monitoring Infrastructure in Shrimp Multicomputers}",
   Journal      = IJPDSN # " (Invited paper in the special issue on Measurement of
                              Program and System Performance)",
   Volume       = 2,
   Number       = 3,
   Pages        = "126--133",
   Year         = 1999
}

@InProceedings{Mazieres_SOSP_1999,
   Author       = "David Mazi\`{e}res and Michael Kaminsky and M. Frans Kaashoek and Emmett Witchel",
   Title        = "{Separating key management from file system security}",
   Booktitle    = SOSP_1999,
   Address      = SOSP_1999_ADDR,
   Pages        = "124--139",
   Month        = DECEMBER,
   Year         = 1999
}

@Article{McKeown_BCR_1997,
   Author       = "Nick McKeown",
   Title        = "{A Fast Switched Backplane for a Gigabit Switched Router}",
   Journal      = BCR,
   Volume       = 27,
   Number       = 12,
   Month        = DECEMBER,
   Year         = 1997
}


@InProceedings{McVoy_USENIX_1996,
  author       = "Larry McVoy and Carl Staelin",
  title        = "{lmbench: Portable Tools for Performance Analysis}",
  booktitle    = USENIX_1996,
  pages        = {279--294},
  year         = 1996,
  month        = JANUARY
}


%              Mercer_ICMCS_1994 -- AKA: mercer94processor
@InProceedings{Mercer_ICMCS_1994,
    Author      = "Clifford W. Mercer and Stefan Savage and Hideyuki Tokuda",
    Title       = "{Processor Capacity Reserves: Operating System Support for
                    Multimedia Applications}",
    Booktitle   = ICMCS_1994,
    Address     = ICMCS_1994_ADDR,
    Pages       = "90--99",
    Month       = MAY,
    Year        = 1994,
    url         = "citeseer.nj.nec.com/mercer94processor.html"
}

@Article{Mills_RFC1129,
   Author       = "David L. Mills",
   Title        = "Internet Time Synchronization: The {Network Time
                  Protocol}",
   Journal      = RFC,
   Month        = OCT,
   Year         = 1989
}

@InProceedings{Mills_SIGCOMM_1988,
   Author       = "David L. Mills",
   Title        = "{The {Fuzzball}}",
   Booktitle    = SIGCOMM_1988,
   Address      = SIGCOMM_1988_ADDR,
   Pages        = "115--122",
   Month        = AUGUST,
   Year         = 1988
}


@Article{Mogul_TOCS_1997,
   Author       = "Jeffrey C. Mogul and K. K. Ramakrishnan",
   Title        = "{Eliminating Receive Livelock in an Interrupt-Driven Kernel}",
   Journal      = TOCS,
   Volume       = 15,
   Number       = 3,
   Pages        = "217--252",
   Month        = AUGUST,
   Year         = 1997
}


@InProceedings{Morris_SOSP_1999,
   Author       = "Robert Morris and Eddie Kohler and John Jannotti
                   and M. Frans Kaashoek",
   Title        = "{The {Click} Modular Router}",
   Booktitle    = SOSP_1999,
   Address      = SOSP_1999_ADDR,
   Pages        = "217--231",
   Month        = DECEMBER,
   Year         = 1999
}


@InProceedings{Mosberger_OSDI_1996,
   Author       = "David Mosberger and Larry L. Peterson",
   Title        = "{Making Paths Explicit in the {Scout} Operating System}",
   Booktitle    = OSDI_1996,
   Address      = OSDI_1996_ADDR,
   Pages        = "153--167",
   Month        = OCTOBER,
   Year         = 1996
}


@PhdThesis{Mosberger_Thesis_1997,
  author = 	 {D. Mosberger},
  title = 	 {Scout: A path-based operating system},
  school = 	 {University of Arizona},
  year = 	 {1997},
}


@InProceedings{Mosberger_WISP_1998,
  author =       "David Mosberger and Tai Jin",
  title =        "{httperf: A Tool For Measuring Web Server Performance}",
  booktitle =    WISP_1998,
  address =      WISP_1998_ADDR,
  month =        JUNE,
  year =         1998,
}


@Article{Moy_RFC2328,
   Author       = "J. Moy",
   Title        = "{OSPF Version 2; {RFC} 2328}",
   Journal      = RFC,
   Month        = APRIL,
   Year         = 1998
}

%              Harren_IPTPS_2002 -- AKA: pier:iptps02
@InProceedings{Harren_IPTPS_2002,
   Author       = "Matthew Harren and Joseph M. Hellerstein and Ryan Huebsch
                  and Boon Thau Loo and Scott Shenker and Ion Stoica",
   Title        = "{Complex Queries in DHT-based Peer-to-Peer Networks}",
   Booktitle    = IPTPS_2002,
   Address      = IPTPS_2002_ADDR,
   Month        = MARCH,
   Year         = 2002
}
% Needs pages


@InProceedings{Nagar_OLS_2003,
  author       = {Shailabh Nabah and Hubertus Franke and Jonghyuk Choi
                  and Chandra Seetharaman and Scott Kaplan and
                  Nivedita Singhi and Vivek Kashyap and Mike Kravetz},
  title        = {Class-based Prioritized Resource Control in {Linux}},
  booktitle    = OLS_2003,
  month        = JULY,
  year         = 2003,
  address      = OLS_ADDR
}


%           Nath_TR_2003 -- AKA: irisnet:tr
@TechReport{Nath_TR_2003,
   Author       = "Suman Nath and Yan Ke and Phillip B. Gibbons and Brad Karp
                   and Srinivasan Seshan",
   Title        = "{IrisNet: An Architecture for Enabling Sensor-Enriched
                    Internet Service}",
   Institution  = "Intel Research Pittsburgh",
   Number       = "IRP--TR--03--04",
   Month        = JUNE,
   Year         = 2003
}


@InProceedings{Osman_OSDI_2002,
  author =       "Steven Osman and Dinesh Subhraveti and Gong Su and
                  Jason Nieh",
  title =        "{The Design and Implementation of Zap: A System for
                  Migrating Computing Environments}",
  booktitle =    OSDI_2002,
  pages =        "361--376",
  year =         2002,
  address =      OSDI_2002_ADDR,
  month =        DECEMBER,
}


@Article{Park_CACM_1988,
   Author       = "Stephen K. Park and Keith W. Miller",
   Title        = "Random number generators: good ones are hard to find",
   Journal      = CACM,
   Volume       = 31,
   Number       = 10,
   Pages        = "1192--1201",
   Month        = OCTOBER,
   Year         = 1988
}

@InProceedings{Park_WORLDS_2004,
   Author       = "KyoungSoo Park and Vivek S. Pai",
   Title        = "{Deploying Large File Transfer on an HTTP Content Distribution Network}",
   Booktitle    = WORLDS_2004,
   year =         2004,
   address =      SAN_FRANCISCO,
   month =        DECEMBER,
}

@InProceedings{Park_NSDI_2006,
   Author       = "KyoungSoo Park and Vivek S. Pai",
   Title        = "{Scale and Performance in the CoBlitz Large-File Distribution Service}",
   Booktitle    = NSDI_2006,
   Address      = NSDI_2006_ADDR,
   Month        = may,
   Year         = {2005},
}

@Article{Partridge_CCR_1990,
   Author       = "Craig Partridge",
   Title        = "{How Slow is One Gigabit Per Second?}",
   Journal      = CCR,
   Volume       = 20,
   Number       = 1,
   Pages        = "44--53",
   Year         = 1990
}


@Article{Partridge_TON_1998,
   Author       = "Craig Partridge and Philip P. Carvey and Ed Burgess
                   and Isidro Castineyra and Tom Clarke and Lise Graham
                   and Michael Hathaway and Phil Herman and Allen King
                   and Steve Kohalmi and Tracy Ma and John Mcallen
                   and Trevor Mendez and Walter C. Milliken
                   and Ronald Pettyjohn and John Rokosz and Joshua Seeger
                   and Michael Sollins and Steve Storch and Benjamin Tober
                   and Gregory D. Troxel and David Waitzman 
                   and Scott Winterble",
   Title        = "{A {50-Gb/s} {IP} Router}",
   Journal      = TON,
   Volume       = 6,
   Number       = 3,
   Pages        = "237--247",
   Month        = JUNE,
   Year         = 1998
}


@InProceedings{Paxson_SIGCOMM_1997,
   Author       = "Vern Paxson",
   Title        = "{Automated Packet Trace Analysis of {TCP} Implementations}",
   Booktitle    = SIGCOMM_1997,
   Address      = SIGCOMM_1997_ADDR,
   Pages        = "167--179",
   Month        = SEPTEMBER,
   Year         = "1997"
}


@manual{PCI_2.2,
   Title        = "{PCI Local Bus Specification, Revision~2.2}",
   Organization = "{PCI Special Interest Group}",
   Address      = "Hillsboro, Oregon",
   Month        = DECEMBER,
   Year         = 1998
}


@TechReport{PDN_03_010,
  author       = "Timothy Roscoe and Larry Peterson and Scott Karlin
                  and Mike Wawrzoniak",
  title = 	 {{A Simple Common Sensor Interface for PlanetLab}},
  institution =  {{PlanetLab}},
  year = 	 {2003},
  number = 	 {03-010},
  month = 	 MARCH,
  note = 	 {(updated May 2003)},
}


%              Peterson_HOTNETS_2002 -- AKA: Peterson02
@InProceedings{Peterson_HOTNETS_2002,
   Author       = "Larry Peterson and Tom Anderson and David Culler
                   and Timothy Roscoe",
   Title        = "{A Blueprint for Introducing Disruptive Technology into the 
                   Internet}",
   Booktitle    = HOTNETS_2002,
   Address      = HOTNETS_2002_ADDR,
   Month        = OCTOBER,
   Year         = 2002
}
% Note: HOTNETS_2002 proceedings has no page numbers


@Article{Peterson_JSAC_2001,
   Author       = "Larry Peterson and Yitzchak Gottlieb and Mike Hibler
                   and Patrick Tullmann and Jay Lepreau and Steve Schwab
                   and Hrishikesh Dandelkar and Andrew Purtell and John Hartman",
   Title        = "{An OS Interface for Active Routers}",
   Journal      = JSAC,
   Volume       = 19,
   Number       = 3,
   Pages        = "473--487",
   Month        = MARCH,
   Year         = 2001
}


@InProceedings{Peterson_HotOS_1999,
   Author       = "Larry L. Peterson and Scott C. Karlin and Kai Li",
   Title        = "{{OS} Support for General-Purpose Routers}",
   Booktitle    = HOTOS_1999,
   Address      = HOTOS_1999_ADDR,
   Pages        = "38--43",
   Month        = MARCH,
   Year         = 1999
}



@Misc{PlanetLab,
  key =          "PlanetLab",
  title =        "{PlanetLab}",
  note =         "{\url{http://www.planet-lab.org}}",
}


@Article{Postel_RFC791,
   Author       = "Jon Postel",
   Title        = "{Internet Protocol; {RFC} 791}",
   Journal      = RFC,
   Month        = SEPTEMBER,
   Year         = 1981
}


@InProceedings{Pradhan_HotOS_1999,
   Author       = "Prashant Pradhan and {Tzi-cker} Chiueh",
   Title        = "{Operating System Support for Programmable Cluster-Based
                    Internet Routers}",
   Booktitle    = HOTOS_1999,
   Address      = HOTOS_1999_ADDR,
   Pages        = "76--81",
   Month        = MARCH,
   Year         = 1999
}


@InProceedings{Pradhan_MUG_2000,
   Author       = "Prashant Pradhan and {Tzi-cker} Chiueh",
   Title        = "{A Cluster-based, Scalable Edge Router Architecture}",
   Booktitle    = MUG_2000,
   Address      = MUG_2000_ADDR,
   Month        = SEPTEMBER,
   Year         = 2000
}


@InProceedings{Pratt_USENIX_2004,
  author       = "Calicrates Policroniades and Ian Pratt",
  title        = {Alternatives for Detecting Redundancy in Storage
                  Systems Data},
  booktitle    = USENIX_2004,
  address      = USENIX_2004_ADDR,
  month        = JUNE,
  year         = 2004
}

@TechReport{Pradhan_TR_2000,
   Author       = "Prashant Pradhan and {Tzi-cker} Chiueh",
   Title        = "{A Computational Framework for an Extensible Network Router:
                    Design, Implementation and Evaluation}",
   Institution  = "State University of New York at Stony Brook",
   Number       = "TR--93",
   Month        = MAY,
   Year         = 2000
}


@InProceedings{Pradhan_HotOS_2001,
   Author       = "Prashant Pradhan and Kartik Gopalan and {Tzi-cker} Chiueh",
   Title        = "{Design Issues in System Support for Programmable Routers}",
   Booktitle    = HOTOS_2001,
   Address      = HOTOS_2001_ADDR,
   Pages        = "7--11",
   Month        = MAY,
   Year         = 2001
}


@TechReport{Proper_PDN,
  author =       "Steve Muir and Larry Peterson and Marc Fiuczynski
                  and Justin Cappos and John Hartman",
  title =        "{Proper: Privileged Operations in a Virtualised
                  System Environment}",
  institution =  "{PlanetLab}",
  number =       "{PDN-05-027}",
  year =         2005,
}

@InProceedings{Muir_USENIX_2005,
  author =       "Steve Muir and Larry Peterson and Marc Fiuczynski
                  and Justin Cappos and John Hartman",
  title =        "{Proper: Privileged Operations in a Virtualised
                  System Environment}",
  booktitle =    USENIX_2005,
  address =      USENIX_2005_ADDR,
  year =         2005,
  month =        APRIL,
}


@InProceedings{Provos_USS_2003,
  author =       "Niels Provos",
  title =        "{Improving Host Security with System Call Policies}",
  booktitle =    USS_2003,
  pages =        "257--272",
  year =         2003,
  address =      WASHINGTON_DC,
  month =        AUGUST,
}

@InProceedings{Qie_SIGMETRICS_2001,
   Author       = "Xiaohu Qie and Andy Bavier and Larry Peterson
                   and Scott Karlin",
   Title        = "{Scheduling Computations on a Programmable Router}",
   Booktitle    = SIGMETRICS_2001,
   Address      = SIGMETRICS_2001_ADDR,
   Pages        = "13--24",
   Month        = JUNE,
   Year         = 2001
}


@TechReport{Qie_TR_2000,
   Author       = "Xiaohu Qie and Andy Bavier and Larry Peterson
                   and Scott C. Karlin",
   Title        = "{Scheduling Computations on a Programmable Router}",
   Institution  = "Department of Computer Science, Princeton University",
   Number       = "TR--615--00",
   Month        = NOVEMBER,
   Year         = 2000
}

@inproceedings{ Quinlan_FAST_2002,
  author = "S. Quinlan and S. Dorward",
  title = "Venti: a new approach to archival storage",
  booktitle = "First USENIX conference on File and Storage Technologies",
  address = "Monterey,CA",
  year = "2002",
  url = "citeseer.ist.psu.edu/article/quinlan02venti.html" }


@article{Rabinovich_CNIS_1998,
 author = {Michael Rabinovich and Jeff Chase and Syam Gadde},
 title = {Not all hits are created equal: cooperative proxy caching over a wide-area network},
 journal = {Comput. Netw. ISDN Syst.},
 volume = {30},
 number = {22-23},
 year = {1998},
 issn = {0169-7552},
 pages = {2253--2259},
 doi = {http://dx.doi.org/10.1016/S0169-7552(98)00249-9},
 publisher = {Elsevier Science Publishers B. V.},
 address = {Amsterdam, The Netherlands, The Netherlands},
 }



@Manual{RAMiX_PMC694,
   Title        = "{{PMC}/{CompactPCI} Ethernet Controllers Product Family
                    Data Sheet}",
   Organization = "{RAMiX} Incorporated",
   Address      = "Ventura,\ " # CALIFORNIA,
   Year         = 1999
}


@InProceedings{Ranum_LISA_1997,
   Author       = "Marcus J. Ranum and Kent Landfield and Mike Stolarchuk
                   and Mark Sienkiewicz and Andrew Lambeth and Eric Wall",
   Title        = "{Implementing a Generalized Tool For Network Monitoring}",
   Booktitle    = LISA_1997,
   Address      = LISA_1997_ADDR,
   Pages        = "1--8",
   Month        = OCTOBER,
   Year         = 1997
}


%              Ratnasamy_INFOCOM_2002 -- AKA: Ratnasamy02
@InProceedings{Ratnasamy_INFOCOM_2002,
   Author       = "Sylvia Ratnasamy and Mark Handley and Richard Karp
                   and Scott Shenker",
   Title        = "{Topologically-Aware Overlay Construction and Server 
                   Selection}",
   Booktitle    = INFOCOM_2002,
   Address      = INFOCOM_2002_ADDR,
   Pages        = "1190--1199",
   Month        = JUNE,
   Year         = 2002
}


@Article{Rekhter_RFC1771,
   Author       = "Yakov Rekhter and Tony Li",
   Title        = "{A Border Gateway Protocol 4 (BGP--4); {RFC} 1771}",
   Journal      = RFC,
   Month        = MARCH,
   Year         = 1995
}

@article{Rhea_SIGCOMM_2005,
 author = {Rhea, Sean and Godfrey, Brighten and Karp, Brad and Kubiatowicz, John and Ratnasamy, Sylvia and Shenker, Scott and Stoica, Ion and Yu, Harlan},
 title = {OpenDHT: a public DHT service and its uses},
 journal = SIGCOMM,
 address = SIGCOMM_ADDR,
 month = {August},
 year = {2005},
} 


@Misc{RPM,
  key =          "RPM",
  title =        "{RPM Package Manager}",
  note =         "{\url{http://www.rpm.org/}}",
}

@rfc{Rosenberg_2003,
 author = {Rosenberg, J. and Weinberger, J. and Huitema, C. and Mahy, R.},
 title = {STUN - Simple Traversal of User Datagram Protocol Through Network Address Translators (RFC 3489)},
 year = {2003},
 publisher = {RFC Editor},
 address = {United States},
} 



%              Rowstron_SOSP_2001 -- AKA: Rowstron01a
@InProceedings{Rowstron_SOSP_2001,
   Author       = "Antony Rowstron and Peter Druschel",
   Title        = "{Storage Management and Caching in PAST, A Large-Scale
                   Persistent Peer-to-Peer Storage Utility}",
   Booktitle    = SOSP_2001,
   Address      = SOSP_2001_ADDR,
   Pages        = "188--201",
   Month        = OCTOBER,
   Year         = 2001
}


%              Rowstron_MIDDLEWARE_2001 -- AKA: Rowstron01b
@InProceedings{Rowstron_MIDDLEWARE_2001,
   Author       = "Antony Rowstron and Peter Druschel",
   Title        = "{Pastry: Scalable, distributed object location and routing 
                   for large-scale peer-to-peer systems}",
   Booktitle    = MIDDLEWARE_2001,
   Address      = MIDDLEWARE_2001_ADDR,
   Pages        = "329--350",
   Month        = NOVEMBER,
   Year         = 2001
}

@rfc{RTP_1996,
 author = {Henning Schulzrinne and Steve Casner and Ron Frederick and Van Jacobson},
 title = {RTP: A Transport Protocol for Real-Time Applications (RFC 1889)},
 year = {1996},
 publisher = {RFC Editor},
 address = {United States},
} 


@InProceedings{Shalaby_DANCE_2002,
   Author       = "Nadia Shalaby and Larry Peterson and Andy Bavier
                   and Yitzchak Gottlieb and Scott Karlin and Aki Nakao
                   and Xiaohu Qie and Tammo Spalink and Mike Wawrzoniak", 
   Title        = "{Extensible Routers for Active Networks}",
   Booktitle    = DANCE_2002,
   Address      = DANCE_2002_ADDR,
   Pages        = "92--116",
   Month        = MAY,
   Year         = 2002
}


@InProceedings{Shapiro_SOSP_1999,
  author =       "J. S. Shapiro and Jonathan M. Smith and David J. Farber",
  title =        "{EROS: A Capability System}",
  booktitle =    SOSP_1999,
  year =         1999,
  address =      SOSP_1999_ADDR,
  month =        DECEMBER,
}


@Article{Smith_Computer_1999,
   Author       = "Jonathan M. Smith and Kenneth L. Calvert and Sandra L. Murphy
                   and Hilarie K. Orman and Larry L. Peterson",
   Title        = "{Activating Networks: A Progress Report}",
   Journal      = "IEEE Computer",
   Volume       = 32,
   Number       = 4,
   Pages        = "32--41",
   Month        = APRIL,
   Year         = 1999
}


@Article{Smith_Network_1993,
   Author       = "Jonathan M. Smith and C. Brendan S. Traw",
   Title        = "{Giving Applications Access to {${\mathrm{Gb/s}}$} Networking}",
   Journal      = "IEEE Network",
   Volume       = 7,
   Number       = 4,
   Pages        = "44--52",
   Month        = JULY,
   Year         = 1993
}




@TechReport{Spalink_TR_2000,
   Author       = "Tammo Spalink and Scott Karlin and Larry Peterson",
   Title        = "{Evaluating Network Processors in {IP} Forwarding}",
   Institution  = "Department of Computer Science, Princeton University",
   Number       = "TR--626--00",
   Month        = NOVEMBER,
   Year         = 2000
}


@InProceedings{Spalink_SOSP_2001,
   Author       = "Tammo Spalink and Scott Karlin and Larry Peterson
                   and Yitzchak Gottlieb",
   Title        = "{Building a Robust Software-Based Router Using Network
                    Processors}",
   Booktitle    = SOSP_2001,
   Address      = SOSP_2001_ADDR,
   Pages        = "216--229",
   Month        = OCTOBER,
   Year         = 2001
}

@misc{Spalink_PDN,
   Author       = "Brent Chun and Tammo Spalink",
   Title        = "{Slice Creation and Management}",
   Booktitle    = "{PDN-03-013}",
   Note         = "{\url{http://www.planet-lab.org/}}",
   Month        = JUNE,
   Year         = 2003
}

@misc{Slices_PDN,
   Author       = "Larry Peterson and John Hartman and Steve Muir and
                   Timothy Roscoe and Mic Bowman",
   Title        = "{Evolving the Slice Abstraction}",
   Booktitle    = "{PDN-04-017}",
   Month        = JANUARY,
   Year         = 2004,
   url          = "{\url{http://www.planet-lab.org/}}",
}


@TechReport{Spatscheck_TR_1998,
   Author       = "Oliver Spatscheck and Jorgen Hansen and John Hartman
                   and Larry Peterson",
   Title        = "{Optimizing TCP Forwarder Performance}",
   Number       = "89--6",
   Institution  = "Department of Computer Science, University of Arizona",
   Month        = FEBRUARY,
   Year         = 1998
}


@Article{Spatscheck_TON_2000,
   Author       = "Oliver Spatscheck and Jorgen Hansen and John Hartman
                   and Larry Peterson",
   Title        = "{Optimizing TCP Forwarder Performance}",
   Journal      = TON,
   Volume       = 8,
   Number       = 2,
   Pages        = "146--157",
   Month        = APRIL,
   Year         = 2000
}


@InProceedings{Spencer_USS_1999,
  author =       "Ray Spencer and Stephen Smalley and Peter Loscocco
                  and Mike Hibler and David Andersen and Jay Lepreau",
  title =        "{The Flask Security Architecture: System Support for
                  Diverse Security Policies}",
  booktitle =    USS_1999,
  year =         1999,
  address =      WASHINGTON,
  month =        AUGUST,
}

%              Spring_USITS_2003 -- AKA: Spring03
@InProceedings{Spring_USITS_2003,
   Author       = "Neil Spring and David Wetherall and Tom Anderson",
   Title        = "Scriptroute: A facility for distributed Internet measurement",
   Booktitle    = USITS_2003,
   Address      = USITS_2003_ADDR,
   Month        = MARCH,
   Year         = 2003
}
% needs Pages



@Misc{Squid,
  key =          "Squid",
  title =        "{squid : Optimising Web Delivery}",
  note =         "{\url{http://www.squid-cache.org/}}",
}


@InProceedings{Srinivasan_SIGCOMM_1998,
   Author       = "V. Srinivasan and G. Varghese and S. Suri and M. Waldvogel",
   Title        = "{Fast and Scalable Level Four Switching}",
   Booktitle    = SIGCOMM_1998,
   Address      = SIGCOMM_1998_ADDR,
   Pages        = "191--202",
   Month        = SEPTEMBER,
   Year         = 1998
}


@Article{Srinivasan_TOCS_1999,
   Author       = {Venkatachary Srinivasan and George Varghese},
   Title        = {Fast Address Lookups using Controlled Prefix Expansion},
   Journal      = TOCS,
   Volume       = 17,
   Number       = 1,
   Pages        = "1--40",
   Month        = FEBRUARY,
   Year         = 1999,
}


%              Stoica_SIGCOMM_2001 -- AKA: Stoica01
@InProceedings{Stoica_SIGCOMM_2001,
   Author       = "Ion Stoica and Robert Morris and David Karger
                   and Frans Kaashoek and Hari Balakrishnan",
   Title        = "{Chord: A Peer-to-Peer Lookup Service for Internet 
                   Applications}",
   Booktitle    = SIGCOMM_2001,
   Address      = SIGCOMM_2001_ADDR,
   Pages        = "149--160",
   Month        = AUGUST,
   Year         = 2001
}


@Misc{Stork,
  key =          "Stork",
  title =        "{Stork}",
  note =         "{\url{http://www.cs.arizona.edu/stork}}",
}



%              Subramanian_HOTNETS_2002 -- AKA: OverQoS,
@InProceedings{Subramanian_HOTNETS_2002,
   Author       = "Lakshminarayanan Subramanian and Ion Stoica
                   and Hari Balakrishnan and Randy Katz",
   Title        = "{OverQoS: Offering Internet QoS Using Overlays}",
   Booktitle    = HOTNETS_2002,
   Address      = HOTNETS_2002_ADDR,
   Month        = OCTOBER,
   Year         = 2002
}
% Note: HOTNETS_2002 proceedings has no page numbers


@InProceedings{Taylor_OPENARCH_2001,
   Author       = "David E. Taylor and Jon S. Turner and John W. Lockwood",
   Title        = "{Dynamic Hardware Plugins (DHP): Exploiting Reconfigurable
                    Hardware for High-Performance Programmable Routers}",
   Booktitle    = OPENARCH_2001,
   Address      = OPENARCH_2001_ADDR,
   Pages        = "25--34",
   Month        = APRIL,
   Year         = 2001
}

@inproceedings{Thekkath_SOSP_97,
 author = {Chandramohan A. Thekkath and Timothy Mann and Edward K. Lee},
 title = {Frangipani: a scalable distributed file system},
 booktitle = {SOSP '97: Proceedings of the sixteenth ACM symposium on Operating systems principles},
 year = {1997},
 isbn = {0-89791-916-5},
 pages = {224--237},
 location = {Saint Malo, France},
 doi = {http://doi.acm.org/10.1145/268998.266694},
 publisher = {ACM Press},
 address = {New York, NY, USA},
 }


@Article{Traw_JSAC_1993,
   Author       = "C. Brendan S. Traw and Jonathan M. Smith",
   Title        = "{Hardware/Software Organization of a High-Performance
                    ATM Host Interface}",
   Journal      = JSAC # " (Special Issue on High Speed Computer/Network Interfaces)",
   Volume       = 11,
   Number       = 2,
   Pages        = "240--253",
   Year         = 1993
}


@InProceedings{Tucker_VM_2004,
  author =       "Andrew Tucker and David Comay",
  title =        "{Solaris Zones: Operating System Support for Server
                  Consolidation}",
  booktitle =    "3rd Virtual Machine Research and Technology Symposium
                  Works-in-Progress",
  year =         2004,
  address =      "San Jose, CA",
  month =        MAY,
}

@Misc{UML_WEB,
  key =          "user-mode linux",
  title =        "{User-Mode Linux}",
  note =         "\\{\url{http://user-mode-linux.sourceforge.net/}}",
}

@misc{upnp,
  key = "upnp",
  title = "{UPnP Forum}",
  year = 2001,
  note = "{\url{http://www.upnp.org/}}"
} 


@Misc{VirtualPC_WEB,
  key =          "virtual pc",
  title =        "{Virtual PC}",
  note =         "\\{\url{http://www.microsoft.com/windows/\\
virtualpc/default.mspx}}",
}

@Misc{VMWare_WEB,
  key =          "vmware",
  title =        "{VMWare}",
  note =         "\\{\url{http://www.vmware.com/}}",
}

@Misc{vservers,
   Author       = "{Linux VServers Project}",
   Title	= "",
   Note         = "\\{\url{http://linux-vserver.org/}}"
}


@Misc{virtuozzo,
  author =        "{SWSoft}",
  title =         "{Virtuozzo Technology}",
  note = "{\url{http://www.sw-soft.com/en/products/virtuozzo/}}",
}


@Manual{Vitesse_IQ2000,
   Title        = "{{IQ2000} Network Processor Product Brief}",
   Organization = "Vitesse Semiconductor Corporation",
   Address      = "Longmont, Colorado",
   Year         = 2000
}


@InProceedings{vonEicken_SOSP_1995,
   Author       = "Thorsten von Eicken and Anindya Basu and Vineet Buch
                   and Werner Vogels",
   Title        = "{{U-Net}: A User-Level Network Interface for Parallel and
                    Distributed Computing}",
   Booktitle    = SOSP_1995,
   Address      = SOSP_1995_ADDR,
   Pages        = "40--53",
   Month        = DECEMBER,
   Year         = 1995
}


@InProceedings{Waldspurger_OSDI_1994,
   Author       = "Carl A. Waldspurger and William E. Weihl",
   Title        = "{Lottery Scheduling: Flexible Proportional-Share
                    Resource Management}",
   Booktitle    = OSDI_1994,
   Address      = OSDI_1994_ADDR,
   Pages        = "1--11",
   Month        = NOVEMBER,
   Year         = 1994
}

@Article{Waldspurger_OSR_2002,
   Author       = "Carl A Waldspurger",
   Title        = "{Memory resource management in VMware ESX server}",
   Journal      = OSR,
   Volume       = 36,
   Number       = SI,
   Pages        = "181--194",
   Month        = Winter,
   Year         = 2002 
}

@InProceedings{Waldvogel_SIGCOMM_1997,
   Author       = "M. Waldvogel and G. Varghese and J. Turner and B. Plattner",
   Title        = "{Scalable High Speed IP Routing Lookups}",
   Booktitle    = SIGCOMM_1997,
   Address      = SIGCOMM_1997_ADDR,
   Pages        = "25--36",
   Month        = OCTOBER,
   Year         = 1997
}


@Article{Walton_Computer_1998,
   Author       = "Simon Walton and Anne Hutton and Joe Touch",
   Title        = "{High-Speed Data Paths in Host-Based Routers}",
   Journal      = COMPUTER,
   Volume       = 31,
   Number       = 11,
   Pages        = "46--52",
   Month        = NOVEMBER,
   Year         = 1998
}


%              Wang_OSDI_2002 -- AKA: Wang02
@InProceedings{Wang_OSDI_2002,
   Author       = "Limin Wang and Vivek Pai and Larry Peterson",
   Title        = "{The Effectiveness of Request Redirection on CDN Robustness}",
   Booktitle    = OSDI_2002,
   Address      = OSDI_2002_ADDR,
   Pages        = "345--360",
   Month        = DECEMBER,
   Year         = 2002
}


@InProceedings{Wang_USENIX_2002,
   Author       = "Limin Wang and KyoungSoo Park and Ruoming Pang and Vivek Pai and Larry Peterson",
   Title        = "{Reliability and Security in the CoDeeN Content Distribution Network}",
   Booktitle    = USENIX_2002,
   Booktitle    = USENIX_2002_ADDR,
   address =      SAN_FRANCISCO,
   year =         2002,
   month =        AUGUST
}



@InCollection{Watson_LNCS_1981,
  author =       "Richard W. Watson",
  title =        "{Identifiers (Naming) in Distributed Systems}",
  booktitle =    "Distributed Systems---Architecture and
                  Implementation, An Advanced Course",
  pages =        "191--210",
  publisher =    "Springer-Verlag",
  year =         1981,
}

%              Wawrzoniak_HOTNETS_2003 -- AKA: sophia-hotnets03
@InProceedings{Wawrzoniak_HOTNETS_2003,
   Author       = "Mike Wawrzoniak and Larry Peterson and Timothy Roscoe",
   Title        = "{Sophia: An Information Plane for Networked Systems}",
   Booktitle    = HOTNETS_2003,
   Address      = HOTNETS_2003_ADDR,
   Month        = NOVEMBER,
   Year         = 2003
}


@InProceedings{Wetherall_SOSP_1999,
   Author       = "David Wetherall",
   Title        = "{Active network vision and reality: lessons from a
                    capsule-based system}",
   Booktitle    = SOSP_1999,
   Address      = SOSP_1999_ADDR,
   Pages        = "64--79",
   Month        = DECEMBER,
   Year         = 1999
}




@Misc{wget,
  key =          "wget",
  title =        "{GNU Wget - GNU Project - Free Software Foundation (FSF)}",
  note =         "{\url{http://www.gnu.org/software/wget/wget.html}}",
}
@InProceedings{Whitaker_OSDI_2002,
   Author       = "Andrew Whitaker and Marianne Shaw and Steven D. Gribble",
   Title        = "{Scale and Performance in the Denali Isolation Kernel}",
   Booktitle    = OSDI_2002,
   Address      = OSDI_2002_ADDR,
   Pages        = "195--209",
   Year         = 2002,
   Month        = {December}
}


%              White_OSDI_2002 -- AKA: White+:osdi02, White02, white2002
@InProceedings{White_OSDI_2002,
   Author       = "Brian White and Jay Lepreau and Leigh Stoller and
                   Robert Ricci and Shashi Guruprasad and Mac Newbold and
                   Mike Hibler and Chad Barb and Abhijeet Joglekar",
   Title        = "{An Integrated Experimental Environment for Distributed 
                   Systems and Networks}",
   Booktitle    = OSDI_2002,
   Address      = OSDI_2002_ADDR,
   Pages        = "255--270",
   Month        = DECEMBER,
   Year         = 2002
}


@Misc{WinProxy,
  key =          "WinProxy",
  title =        "{WinProxy}",
  note =         "{\url{http://www.winproxy.com/index.asp}}",
}







@InProceedings{Wright_USS_2002,
  author =       "Chris Wright and Crispin Cowan and Stephen Smalley
                  and James Morris and Greg Kroah-Hartman",
  title =        "{Linux Security Modules: General Security Support
                  for the Linux Kernel}",
  booktitle =    "Proceedings of the 11th USENIX Security Symposium",
  address =      SAN_FRANCISCO,
  year =         2002,
  month =        AUGUST
}


@InProceedings{Xie_RAID_2004,
  author =       "Y. Xie and H. Kim and D. O'Hallaron and M. Reiter
                  and H. Zhang",
  title =        "{Seurat: A Pointillist Approach to Anomaly
                  Detection}",
  booktitle =    "Proceedings of the 7th International Symposium on
                  Recent Advances in Intrusion Detection (RAID 2004)",
  year =         2004,
  month =        SEPTEMBER
}


@Misc{Yum,
  key =          "Yum",
  title =        "{Yum: Yellow Dog Updater Modified}",
  note =         "{\url{http://linux.duke.edu/projects/yum/}}",
}


@InProceedings{Zhang_ICNP,
   Author       = "M. Zhang and B. Karp and S. Floyd and L. Peterson",
   Title        = "{RR-TCP: A Reordering-Robust TCP with DSACK}",
   Booktitle    = ICNP_2003,
   Address      = ICNP_2003_ADDR,
   Month        = NOVEMBER,
   Year         = 2003
}






@Misc{GoogleDistroPopularity,
  key =          "Google Distro Popularity",
  title =        "{gPowered: By the Power of Google...: Linux Distro Popularity
According to Google}",
  note =         "{\url{http://blog.gpowered.net/2007/10/linux-distro-popularity-according-to.html}}",
}





@Misc{dpkgRPMdiff,
  key =          "package type differences",
  title =        "{Re: Differences of Debian vs. the Other Guys}",
  note =         "{\url{http://lists.debian.org/debian-devel/1998/06/msg00128.html}}",
}





@Misc{Synaptic,
  key =          "Synaptic",
  title =        "{Synaptic Package Manager - Home}",
  note =         "{\url{http://www.nongnu.org/synaptic/}}",
}







@Misc{KPackage,
  key =          "KPackage",
  title =        "{The KPackage Handbook}",
  note =         "{\url{http://docs.kde.org/development/en/kdeadmin/kpackage/}}",
}





@Misc{YaST,
  key =          "YaST",
  title =        "{YaST - openSuSE}",
  note =         "{\url{http://en.opensuse.org/YaST}}",
}





@Misc{Slackware,
  key =          "Slackware",
  title =        "{Slackware Package Management}",
  note =         "{\url{http://www.slacksite.com/slackware/packages.html}}",
}







@Misc{DistroWatchPopularity,
  key =          "DistroWatchPopularity",
  title =        "{DistroWatch.com: Editorial: How Popular is a Distribution?}",
  note =         "{\url{http://distrowatch.com/weekly.php?issue=20070827#feature}}",
}





@Misc{DistroWatchFacts,
  key =          "DistroWatchFacts",
  title =        "{DistroWatch.com: Linux Distributions - Facts and Figures}",
  note =         "{\url{http://distrowatch.com/stats.php?section=packagemanagement}}",
}





@Misc{PortageSigning,
  key =          "PortageSigning",
  title =        "{'[gentoo-security] The state of ebuild signing in portage' - MARC}",
  note =         "{\url{http://marc.info/?l=gentoo-security&m=105073449619892&w=2}}",
}


@Misc{Portage,
  key =          "Portage",
  title =        "{Gentoo-Portage}",
  note =         "{\url{http://gentoo-portage.com/}}",
}




@Misc{Pacman,
  key =          "Arch Linux Installation",
  title =        "{Arch Linux (Don't Panic) Installation Guide}",
  note =         "{\url{http://www.archlinux.org/static/docs/arch-install-guide.txt}}",
}





@Misc{PacmanMITM,
  key =          "PacmanMITM",
  title =        "{Arch Linux Forums / Pacman vulnerable to MITM attacks?}",
  note =         "{\url{http://bbs.archlinux.org/viewtopic.php?id=35609}}",
}






@Misc{PacmanSigning,
  key =          "PacmanSigning",
  title =        "{Arch Linux Forums / Package signing}",
  note =         "{\url{http://bbs.archlinux.org/viewtopic.php?id=27867}}",
}







@Misc{AptPackageTrust,
  key =          "AptPackageTrust",
  title =        "{Understanding and Managing Package Trust}",
  note =         "{\url{http://people.debian.org/~dburrows/aptitude-doc/en/ch02s02s06.html}}",
}





@Misc{DebianWiki,
  key =          "DebianWiki",
  title =        "{Debian - Wikipedia, the free encyclopedia}",
  note =         "{\url{http://en.wikipedia.org/wiki/Debian}}",
}





@Misc{DebianCompromises,
  key =          "DebianCompromises",
  title =        "{Debian Investigation Report after Server Compromises}",
  note =         "{\url{http://people.debian.org/~terpstra/message/20031202.142351.b5dc19f4.en.html}}",
}





@Misc{APTHOWTO,
  key =          "APTHOWTO",
  title =        "{APT HOWTO}",
  note =         "{\url{http://www.debian.org/doc/manuals/apt-howto/}}",
}





@Misc{SecureApt,
  key =          "SecureApt",
  title =        "{SecureApt - Debian Wiki}",
  note =         "{\url{http://wiki.debian.org/SecureApt}}",
}






@Misc{CronApt,
  key =          "CronApt",
  title =        "{Debian Administration :: A short introduction to cron-apt.}",
  note =         "{\url{http://www.debian-administration.org/articles/162}}",
}





@Misc{DebianVirtualPackageNames,
  key =          "DebianVirtualPackageNames",
  title =        "{Authoritative List of Virtual Package Names.}",
  note =         "{\url{http://www.debian.org/doc/packaging-manuals/virtual-package-names-list.txt}}",
}




@Misc{DebianPackageRelationships,
  key =          "DebianPackageRelationships",
  title =        "{Debian Policy Manual - Declaring relationships between packages}",
  note =         "{\url{http://www.debian.org/doc/debian-policy/ch-relationships.html#s-virtual}}",
}




@Misc{DebianDevelopersReference,
  key =          "DebianDevelopersReference",
  title =        "{Debian Developer's Reference}",
  note =         "{\url{http://www.debian.org/doc/packaging-manuals/developers-reference/}}",
}






@Misc{GPGSubkeys,
  key =          "GPGSubkeys",
  title =        "{Using multiple subkeys in GPG}",
  note =         "{\url{http://fortytwo.ch/gpg/subkeys}}",
}





@Misc{RSAChallenge,
  key =          "RSAChallenge",
  title =        "{RSA Laboratories - The RSA Challenge Numbers}",
  note =         "{\url{http://www.rsa.com/rsalabs/node.asp?id=2093}}",
}





@Misc{RSAFactoringWiki,
  key =          "RSAFactoringWiki",
  title =        "{RSA Factoring Challenge - Wikipedia, the free encyclopedia}",
  note =         "{\url{http://en.wikipedia.org/wiki/RSA_Factoring_Challenge}}",
}





@Misc{RSA640,
  key =          "RSA640",
  title =        "{RSA Laboratories - RSA-640 is factored!}",
  note =         "{\url{http://www.rsa.com/rsalabs/node.asp?id=2964}}",
}





@Misc{StormWorm,
  key =          "StormWorm",
  title =        "{Storm worm: More powerful than Blue Gene? - ZDNet UK}",
  note =         "{\url{http://news.zdnet.co.uk/security/0,1000000189,39289226,00.htm}}",
}



@Misc{Urpmi,
  key =          "URPMI",
  title =        "{URPMI}",
  note =         "{\url{http://www.urpmi.org/}}",
}






@Misc{Apt-RPM,
  key =          "Apt-RPM",
  title =        "{APT-RPM}",
  note =         "{\url{http://apt-rpm.org/}}",
}








@Misc{CERT,
  key =          "CERT",
  title =        "{CERT}",
  note =         "{\url{http://www.cert.org/}}",
}






@Misc{GovCertUK,
  key =          "GovCertUK",
  title =        "{GovCertUK}",
  note =         "{\url{http://www.govcertuk.gov.uk/}}",
}


@InProceedings{Stork_LISA,
   Author       = "Justin Cappos and Scott Baker and Jeremy Plichta and
                   Duy Nyugen and Jason Hardies and Matt Borgard and Jeffry
                   Johnston and John Hartman",
   Title        = "{Stork: Package Management for Distributed VM Environments}",
   Booktitle    = LISA_2007,
   Address      = LISA_2007_ADDR,
   Year         = 2007
}



@InProceedings{Cappos_WORLDS_2005,
   Author       = "Justin Cappos and John Hartman",
   Title        = "{Why It Is Hard to Build a Long Running Service on Planetlab}",
   Booktitle    = WORLDS_2005,
   year =         2005,
   address =      SAN_FRANCISCO,
   month =        DECEMBER,
}




@Misc{SquirrelMailPoisoning,
  key =          "SquirrelMailPoisoning",
  title =        "{SquirrelMail Repository Poisoned with Critical flaw}",
  note =         "{\url{http://www.beskerming.com/commentary/2007/12/19/313/SquirrelMail_Repository_Poisoned_with_Critical_flaw}}",
}



@Misc{dpkg-sigman,
  key =          "dpkg-sigman",
  title =        "{man dpkg-sig}",
  note =         "{\url{http://pwet.fr/man/linux/commandes/dpkg_sig}}",
}




@Misc{debsigs,
  key =          "debsigs",
  title =        "{debsigs - What is debsigs}",
  note =         "{\url{http://linux.about.com/cs/linux101/g/debsigs.htm}}",
}








@Misc{UniversalMITM,
  key =          "UniversalMITM",
  title =        "{RSA Alert: New Universal Man-in-the-Middle Phishing Kit Discovered}",
  note =         "{\url{http://www.rsa.com/press_release.aspx?id=7667}}",
}



@Misc{dsniff,
  key =          "dsniff",
  title =        "{dsniff}",
  note =         "{\url{http://monkey.org/~dugsong/dsniff/}}",
}



@InProceedings{Godber_PPW_2003,
   Author       = "A. Godber and P. Dasgupta",
   Title        = "{Countering rogues in wireless networks}",
   Booktitle    = "2003 International Conference on Parallel Processing Workshops",
   year =         2003,
   month =        OCTOBER,
}



@InProceedings{Yuan_ICC_2006,
   Author       = "Lihua Yuan and K. Kant and P. Mohapatra and Chen-Nee Chuah",
   Title        = "{DoX: A Peer-to-Peer Antidote for DNS Cache Poisoning Attacks}",
   Booktitle    = "2006 IEEE International Conference on Communications",
   year =         2006,
   month =        JUNE,
}


@article{Samuel_login_2008,
 author = "Justin Samuel and Jeremy Plichta and Justin Cappos",
 title = "{Centralized Package Management Using Stork}",
 journal = {To appear in ;login:},
 year = 2008,
 month = FEBRUARY,
 }




@Misc{FedoraMirror,
  key =          "FedoraMirror",
  title =        "{Infrastructure/Mirroring -- Fedora Project Wiki}",
  note =         "{\url{http://fedoraproject.org/wiki/Infrastructure/Mirroring}}",
}






@Misc{iPhonemalicious,
  key =          "iPhonemalicious",
  title =        "{MMi Public Service Announcement -- Malicious Installer Source Warning}",
  note =         "{\url{http://www.modmyifone.com/forums/showthread.php?t=24323}}",
}



@Misc{NetcraftServerPopularity,
  key =          "NetcraftServerPopularity",
  title =        "{Netcraft: Strong growth for Debian}",
  note =         "{\url{http://news.netcraft.com/archives/2005/12/05/strong_growth_for_debian.html}}",
}



@Misc{Milw0rm,
  key =          "Milw0rm",
  title =        "{milw0rm - exploits : vulnerabilities : videos : papers : shellcode}",
  note =         "{\url{http://www.milw0rm.com}}",
}



@Misc{verificationarguments,
  key =          "verificationarguments",
  title =        "{dkpg-sig support wanted?}",
  note =         "{\url{http://nixforums.org/about101637-asc-15.html}}",
}






@Misc{Ports,
  key =          "Ports",
  title =        "{Installing Applications: Packages and Ports}",
  note =         "{\url{http://www.freebsd.org/doc/en_US.ISO8859-1/books/handbook/ports.html}}",
}


@Misc{Codesign,
  key =         "Codesign",
  title =       "{Introduction to Code Signing}",
  note =        "{\url{http://msdn2.microsoft.com/en-us/library/ms537361.aspx}}",
}

@Misc{Verisign,
  key =         "Verisign",
  title =       "{Verisign Corporation}",
  note =        "{\url{http://www.verisign.com/}}",
}


@InProceedings{freebsdupdate,
   Author       = "Colin Percival",
   Title        = "{An Automated Binary Security Update System for FreeBSD}",
   Booktitle    = BSDCON_2003,
   Address      = "San Mateo, CA",
   Pages        = "29-34",
   Month        = SEPTEMBER,
   Year         = 2003
}

@InProceedings{deployme,
   Author       = "Kyle Oppenheim and Patrick McCormick",
   Title        = "{Deployme: Tellme's Package Management and Deployment System}",
   Booktitle    = LISA_2000,
   Address      = "New Orleans, LA",
   Pages        = "187-196",
   Month        = DECEMBER,
   Year         = 2000
}

@InProceedings{depot,
   Author       = "Kenneth Manheimer and Barry A. Warsaw and Stephen N. Clark and Walter Rowe",
   Title        = "{The Depot: A Framework for Sharing Software Installation Across Organizational and UNIX Platform Boundaries}",
   Booktitle    = LISA_1990,
   Address      = "Colorado Springs, CO",
   Pages        = "37-46",
   Month        = OCTOBER,
   Year         = 1990
}

@InProceedings{safari,
   Author       = "Bill Fithen and Steve Kalinowski and Jeff Carpenter and Jed Pickel",
   Title        = "{Infrastructure: A Prerequisite for Effective Security}",
   Booktitle    = LISA_1998,
   Address      = "Boston, MA",
   Pages        = "11-26",
   Month        = DECEMBER,
   Year         = 1998
}


@inproceedings{WindowsUpdate,
 author = {Christos Gkantsidis and Thomas Karagiannis and Milan VojnoviC},
 title = {Planet scale software updates},
 booktitle = {SIGCOMM '06: Proceedings of the 2006 conference on Applications, technologies, architectures, and protocols for computer communications},
 year = {2006},
 isbn = {1-59593-308-5},
 pages = {423--434},
 location = {Pisa, Italy},
 doi = {http://doi.acm.org/10.1145/1159913.1159961},
 publisher = {ACM},
 address = {New York, NY, USA},
 }



@Misc{MacSoftwareUpdate,
  key =          "MacSoftwareUpdate",
  title =        "{Apple -- Software Update}",
  note =         "{\url{http://www.apple.com/softwareupdate/}}",
}




@InProceedings{Bellissimo_HOTSEC_06,
   Author       = "Anthony Bellissimo and John Burgess and Kevin Fu",
   Title        = "{Secure Software Updates: Disappointments and New Challenges}",
   Booktitle    = "1st USENIX Workshop on Hot Topics in Security",
   Address      = "Vancouver, Canada",
   Pages        = "37-43",
   Month        = JULY,
   Year         = 2006
}


@inproceedings{SUNDR,
 author = {David Mazi\`{e}res and Dennis Shasha},
 title = {Building secure file systems out of {B}yzantine storage},
 booktitle = {PODC '02: Proceedings of the twenty-first annual symposium on Principles of distributed computing},
 year = {2002},
 isbn = {1-58113-485-1},
 pages = {108--117},
 location = {Monterey, California},
 doi = {http://doi.acm.org/10.1145/571825.571840},
 publisher = {ACM},
 address = {New York, NY, USA},
 }




@Misc{InstallShield,
  key =          "InstallShield",
  title =        "{InstallShield -- Installation Tool}",
  note =         "{\url{http://www.macrovision.com/products/installation/installshield.htm}}",
}






@Misc{Wise,
  key =          "Wise",
  title =        "{Software Packaging and Installation Authoring Tools -- Altris, Inc.}",
  note =         "{\url{http://www.wise.com/}}",
}


@inproceedings{MurphySecurity,
 author = {Wietse Venema},
 title = {Murphy's law and computer security},
 booktitle = {SSYM'96: Proceedings of the 6th conference on USENIX Security Symposium, Focusing on Applications of Cryptography},
 year = {1996},
 pages = {19--19},
 location = {San Jose, California},
 publisher = {USENIX Association},
 address = {Berkeley, CA, USA},
 }



@InProceedings{Wurster_HOTSEC_07,
   Author       = "Glenn Wurster and P.C. van Oorschot",
   Title        = "{Self-Signed Executables: Restricting Replacement of Program Binaries by Malware}",
   Booktitle    = "2nd USENIX Workshop on Hot Topics in Security",
   Address      = "Boston, MA",
   Month        = AUGUST,
   Year         = 2007
}

@inproceedings{NetBSDUpdate,
 author = {Alistair Crooks},
 title = {The NetBSD update system},
 booktitle = {ATEC '04: Proceedings of the USENIX Annual Technical Conference},
 year = {2004},
 pages = {17--17},
 location = {Boston, MA},
 publisher = {USENIX Association},
 address = {Berkeley, CA, USA},
 }

 @article{sharma2003mha,
  title={{Mirror hopping approach for selective denial of service prevention}},
  author={Sharma, P. and Shah, P. and Bhattacharya, S.},
  journal={Object-Oriented Real-Time Dependable Systems, 2003.(WORDS 2003). Proceedings of the Eighth International Workshop on},
  pages={200--208},
  year={2003}
}

@article{byers1999amm,
  title={{Accessing multiple mirror sites in parallel: using Tornado codes tospeed up downloads}},
  author={Byers, JW and Luby, M. and Mitzenmacher, M.},
  journal={INFOCOM'99. Eighteenth Annual Joint Conference of the IEEE Computer and Communications Societies. IEEE},
  volume={1},
  year={1999}
}



@Misc{CERTblog,
  key =          "CERTblog",
  author={Ryan Giobbi},
  title =        "{Vulnerability Analysis Blog: Safely Using Package Managers}",
  note =         "{\url{http://www.cert.org/blogs/vuls/2008/07/using_package_managers.html}}",
}


@Misc{CentOSrant,
  key =          "CentOSrant",
  author={Johnny Hughes},
  title =        "{HughesJR.com -- Attacks on Package Managers -- ummm...}",
  note =         "{\url{http://www.hughesjr.com/content/view/22/1/}}",
}


@TechReport{This-TR,
   Author       = "Justin Cappos and Justin Samuel and Scott Baker and John Hartman",
   Title        = "{A Look In the Mirror: Attacks on Package Managers}",
   Institution  = "Department of Computer Science, University of Arizona",
   Number       = "TR--08--06",
   Month        = July,
   Year         = 2008
}


@Misc{Gentoofixes,
  key =          "Gentoofixes",
  author={Robin H. Johnson},
  title =        "{[gentoo] Index of /users/robbat2/tree-signing-gleps}",
  note =         "{\url{http://viewcvs.gentoo.org/viewcvs.py/gentoo/users/robbat2/tree-signing-gleps/}}",
}


@Misc{RedHatfixes,
  key =          "RedHatfixes",
  author=	 {Matt Domsch},
  title =        "{Re: YUM security issues...}",
  note =         "{\url{https://www.redhat.com/archives/fedora-infrastructure-list/2008-July/msg00114.html}}",
}




@Misc{MicrosoftMemo,
  key =          "MicrosoftMemo",
  author=	 {Maureen O'Gara},
  title =        "{"Cloud Computing Is the Plan" -- Ballmer Memo}",
  note =         "{\url{http://wireless.sys-con.com/node/618924}}",
}





@Misc{IBMBlueCloud,
  key =          "IBMBlueCloud",
  author=	 {Mike Darcy},
  title =        "{IBM Press room - 2007-11-15 IBM Introduces Ready-to-Use Cloud Computing}",
  note =         "{\url{http://www-03.ibm.com/press/us/en/pressrelease/22613.wss}}",
}



@Misc{GoogleAppEngine,
  key =          "GoogleAppEngine",
  title =        "{Google App Engine - Google Code}",
  note =         "{\url{http://code.google.com/appengine/}}",
}




@Misc{AmazonS3,
  key =          "AmazonS3",
  title =        "{Amazon S3 - Amazon Web Services @ Amazon.com}",
  note =         "{\url{http://www.amazon.com/gp/browse.html?node=16427261}}",
}




@Misc{AmazonEC2,
  key =          "AmazonEC2",
  title =        "{Amazon EC2 - Amazon Web Services @ Amazon.com}",
  note =         "{\url{http://www.amazon.com/gp/browse.html?node=201590011}}",
}


@Misc{MicrosoftAzure,
  key =          "MicrosoftAzure",
  title =        "{Microsoft Azure Platform}",
  note =         "{\url{http://www.microsoft.com/azure/}}",
}


@Misc{BOINC,
  key =          "BOINC",
  title =        "{BOINC}",
  note =         "{\url{http://boinc.berkeley.edu/}}",
}



@Misc{GoogleDocs,
  key =          "GoogleDocs",
  title =        "{Welcome to Google Docs}",
  note =         "{\url{http://docs.google.com/}}",
}


@InProceedings{Katz_NSDI_2008,
   Author       = "Ethan Katz-Bassett and Harsha V. Madhyastha and John P. John and Arvind Krishnamurthy and Thomas Anderson and David Wetherall",
   Title        = "{Studying Black Holes in the Internet with Hubble}",
   Booktitle    = NSDI_2008,
   Address      = NSDI_2008_ADDR,
   Month        = April,
   Year         = {2008},
}




@Misc{Hadoop,
  key =          "Hadoop",
  title =        "{Welcome to Hadoop!}",
  note =         "{\url{http://hadoop.apache.org/core/}}",
}




@Misc{HPCloud,
  key =          "HPCloud",
  title =        "{HP Press Kit: HP, Intel and Yahoo! Create Global Cloud Computing Research Test Bed}",
  note =         "{\url{http://www.hp.com/hpinfo/newsroom/press_kits/2008/cloudresearch/index.html}}",
}



@InProceedings{Albrecht_LISA_2007,
   Author       = "Jeannie Albrecht and Ryan Braud and Darren Dao and Nikolay Topilski and Christopher Tuttle and Alex C. Snoeren and Amin Vahdat",
   Title        = "{Remote Control: Distributed Application Configuration, Management, and Visualization with Plush}",
   Booktitle    = LISA_2007,
   Address      = LISA_2007_ADDR,
   Month        = November,
   Year         = {2007},
}


@Misc{GetMyIP,
  key =          "GetMyIP",
  title =        "{Clean way to get one's network IP address?}",
  note =         "{\url{http://groups.google.com/group/comp.lang.python/browse_thread/thread/d931cdc326d7032b}}",
}

@Misc{CPython,
  key =          "CPython",
  title =        "{Python Programming Language}",
  note =         "{\url{http://www.python.org/}}",
}


@Misc{Krebs_Value_Hacked_PC,
  key =          "Krebs_Value_Hacked_PC",
  author =       "Brian Krebs",
  title =        "{Security Fix -- The Scrap Value of a Hacked PC}",
  note =         "{\url{http://voices.washingtonpost.com/securityfix/2009/05/the_scrap_value_of_a_hacked_pc.html}}",
}

@inproceedings{NativeClient,
 author = {Bennet Yee and David Sehr and Gregory Dardyk and J. Bradley Chen and Robert Muth and Tavis Ormandy and Shiki Okasaka and Neha Narula and and Nicholas Fullagar},
 title = "{Native Client: A Sandbox for Portable, Untrusted x86 Native Code}",
 booktitle = {IEEE Symposium on Security and Privacy},
 year = {2009},
 }




@Misc{REUSEADDRSemantics,
  key =          "Issue 2550",
  title =        "{Issue 2550: SO\_REUSEADDR doesn't have the same semantics on Windows as on Unix}",
  note =         "{\url{http://bugs.python.org/issue2550}}",
}


@Misc{SOLINGERSemantics,
  key =          "SOLINGERSemantics",
  title =        "{What exactly does SO\_LINGER do? -- UNIX Socket FAQ}",
  note =         "{\url{http://www.developerweb.net/forum/showthread.php?t=2982}}",
}



@Misc{BSDCompat,
  key =          "BSDCompat",
  title =        "{WinSock Programmer's FAQ: BSD Sockets Compatibility}",
  note =         "{\url{http://tangentsoft.net/wskfaq/articles/bsd-compatibility.html}}",
}



@Misc{NonBlockingDiff,
  key =          "NonBlockingDiff",
  title =        "{Differences Between Windows and Unix Non-Blocking Sockets}",
  note =         "{\url{http://itamarst.org/writings/win32sockets.html}}",
}



@Misc{WinsockPort,
  key =          "WinsockPort",
  title =        "{Porting Socket Applications to Winsock (Windows)}",
  note =         "{\url{http://msdn.microsoft.com/en-us/library/ms740096%28VS.85%29.aspx}}",
}


@Misc{BSDLinuxDiff,
  key =          "BSDLinuxDiff",
  title =        "{Re:Difference between BSD sockets and Linux sockets}",
  note =         "{\url{http://www.mail-archive.com/linux-net@vger.kernel.org/msg01830.html}}",
}




@Misc{JavaSE6,
  key =          "JavaSE6",
  title =        "{Java Platform SE 6}",
  note =         "{\url{http://www.j2ee.me/javase/6/docs/api/}}",
}






@Misc{SocketServer,
  key =          "SocketServer",
  title =        "{21.17. SocketServer --- A framework for network servers --- Python v2.6.2 documentation}",
  note =         "{\url{http://docs.python.org/library/socketserver.html}}",
}






@Misc{RepyV2API,
  key =          "RepyV2API",
  title =        "{Repy V2 Library Reference -- Seattle -- Trac}",
  note =         "{\url{https://seattle.poly.edu/wiki/RepyV2API}}",
}


@Misc{Zenodotus,
  key =          "Zenodotus",
  title =        "{Zenodotus -- Seattle -- Trac}",
  note =         "{\url{https://seattle.cs.washington.edu/wiki/Zenodotus}}",
}




@Misc{SunWORA,
  key =          "SunWORA",
  title =        "{Sun Java J2EE -- Compatibility \& Java Verification}",
  note =         "{\url{http://java.sun.com/j2ee/verified/}}",
}



@Misc{WORAnotworking,
  author       = "Ben Charny",
  key =          "WORAnotworking",
  title =        "{'Write once, run anywhere' not working for phones}",
  note =         "{\url{http://mcall.com.com/Write-once,-run-anywhere-not-working-for-phones/2100-1037_3-5788766.html}}",
   Month        = July,
   Year         = {2005},
}



@Misc{WORAnotworking2,
  author       = "Josh Fruhlinger",
  key =          "WORAnotworking2",
  title =        "{LWUIT: Write once, run anywhere (mobile) (hopefully)}",
  note =         "{\url{http://www.javaworld.com/community/node/1113}}",
   Month        = August,
   Year         = {2008},
}



@Misc{WORAnotworking3,
  author       = "Patrick Chanezon",
  key =          "WORAnotworking3",
  title =        "{Write Once, Run Anywhere: the devil is in the details}",
  note =         "{\url{http://wordpress.chanezon.com/?p=7}}",
   Month        = October,
   Year         = {2006},
}


@Book{IEEE:2001:ISRa,
  author =       "{IEEE}",
  title =        "{IEEE Std 1003.1-2001 Standard for Information
                 Technology --- Portable Operating System Interface
                 (POSIX) Base Definitions, Issue 6}",
  publisher =    pub-IEEE-STD,
  address =      pub-IEEE-STD:adr,
  pages =        "xliv + 448",
  year =         "2001",
  ISBN =         "1-85912-247-7 (UK), 1-931624-07-0 (US), 0-7381-3047-8 (print),
                 0-7381-3010-9 (PDF), 0-7381-3129-6 (CD-ROM)",
  LCCN =         "",
  bibdate =      "Thu May 09 05:06:12 2002",
  note =         "Revision of IEEE Std 1003.1-1996 and IEEE Std
                 1003.2-1992) Open Group Technical Standard Base
                 Specifications, Issue 6.",
}


@Misc{WinSock,
  author       = "M. Hall and M. Towfiq and G. Arnold and D. Treadwell and H. Sanders", 
  key =          "WinSock",
  title =        "{Windows Sockets: An Open Interface for Network Programming under Microsoft Windows, Version 1.1}",
   Month        = January,
   Year         = {1993},
}


@article{kamssu2005global,
  title={{Global connectivity through wireless network technology: a possible solution for poor countries}},
  author={Kamssu, A.J.},
  journal={International Journal of Mobile Communications},
  volume={3},
  number={3},
  pages={249--262},
  year={2005},
  publisher={Inderscience}
}

@article{safwat20054g,
  title={{4G network technologies for mobile telecommunications}},
  author={Safwat, AM and Mouftah, H.},
  journal={IEEE Network},
  volume={19},
  number={5},
  pages={3--4},
  year={2005}
}


@Misc{NetworkAPISemantics,
  author       = "Eric Kimbrel",
  key =          "NetworkAPISemantics",
  title =        "{NetworkAPISemantics -- Seattle -- Trac}",
  note =         "{\url{https://seattle.cs.washington.edu/wiki/NetworkApiSemantics}}",
}



@techreport{luby2002forward,
  title={{Forward Error Correction building block}},
  author={Luby, M. and Gemmell, J. and Vicisano, L. and Rizzo, L. and Handley, M. and Crowcroft, J.},
  year={2002},
  institution={Internet Draft draft-ietf-rmt-bb-fec-06. txt}
}


@conference{nguyen2003path,
  title={{Path diversity with forward error correction (pdf) system for packet switched networks}},
  author={Nguyen, T. and Zakhor, A.},
  booktitle={IEEE INFOCOM 2003. Twenty-Second Annual Joint Conference of the IEEE Computer and Communications Societies},
  volume={1}
}


@article{sun2001handle,
  title={{Handle system overview}},
  author={Sun, S. and Lannom, L. and Boesch, B.},
  journal={IRDM/IRTF Draft, 2001, http://www. idrm. org/idrm drafts. htm},
  year={2001}
}

@article{lamport2001paxos,
  title={{Paxos made simple}},
  author={Lamport, L.},
  journal={ACM SIGACT News},
  volume={32},
  number={4},
  pages={18--25},
  year={2001}
}


@article{tennenhouse1997survey,
  title={{A survey of active network research}},
  author={Tennenhouse, D.L. and Smith, J.M. and Sincoskie, W.D. and Wetherall, D.J. and Minden, G.J.},
  journal={IEEE communications Magazine},
  volume={35},
  number={1},
  pages={80--86},
  year={1997}
}

@conference{stoica2002internet,
  title={{Internet indirection infrastructure}},
  author={Stoica, I. and Adkins, D. and Zhuang, S. and Shenker, S. and Surana, S.},
  booktitle={Proceedings of the 2002 SIGCOMM conference},
  volume={32},
  number={4},
  pages={73--86},
  year={2002},
  organization={ACM New York, NY, USA}
}


@conference{park2006connection,
  title={{Connection conditioning: architecture-independent support for simple, robust servers}},
  author={Park, K.S. and Pai, V.S.},
  booktitle={Proceedings of the 3rd conference on Networked Systems Design \& Implementation},
  year={2006},
  organization={USENIX Association Berkeley, CA, USA}
}

@conference{dutta2007silo,
  title={{The SILO architecture for services integration, control, and optimization for the future internet}},
  author={Dutta, R. and Rouskas, GN and Baldine, I. and Bragg, A. and Stevenson, D.},
  booktitle={IEEE International Conference on Communications, 2007. ICC'07},
  pages={1899--1904},
  year={2007}
}


@conference{baldine2007unified,
  title={{A unified software architecture to enable cross-layer design in the future internet}},
  author={Baldine, I. and Vellala, M. and Wang, A. and Rouskas, G. and Dutta, R. and Stevenson, D. and RENCI, C.H.},
  booktitle={Computer Communications and Networks, 2007. ICCCN 2007. Proceedings of 16th International Conference on},
  pages={26--32},
  year={2007}
}

@conference{pucha2007exploiting,
  title={{Exploiting similarity for multi-source downloads using file handprints}},
  author={Pucha, H. and Andersen, D.G. and Kaminsky, M.},
  booktitle={Proc. of NSDI},
  year={2007}
}

@conference{pucha2008adaptive,
  title={{Adaptive file transfers for diverse environments}},
  author={Pucha, H. and Kaminsky, M. and Andersen, D.G. and Kozuch, M.A.},
  booktitle={USENIX 2008 Annual Technical Conference on Annual Technical Conference table of contents},
  pages={157--170},
  year={2008},
  organization={USENIX Association Berkeley, CA, USA}
}


@conference{tolia2006architecture,
  title={{An architecture for internet data transfer}},
  author={Tolia, N. and Kaminsky, M. and Andersen, D.G. and Patil, S.},
  booktitle={Proceedings of the 3rd conference on Networked Systems Design \& Implementation-Volume 3 table of contents},
  pages={19--19},
  year={2006},
  organization={USENIX Association Berkeley, CA, USA}
}


@article{demmer2007towards,
  title={{Towards a modern communications api}},
  author={Demmer, M. and Fall, K. and Koponen, T. and Shenker, S.},
  journal={Proceedings of HotNets-VI},
  year={2007}
}


@conference{salz2003tesla,
  title={{TESLA: a transparent, extensible session-layer architecture for end-to-end network services}},
  author={Salz, J. and Snoeren, A.C. and Balakrishnan, H.},
  booktitle={Proceedings of the 4th conference on USENIX Symposium on Internet Technologies and Systems-Volume 4 table of contents},
  pages={16--16},
  year={2003},
  organization={USENIX Association Berkeley, CA, USA}
}


@phdthesis{salz2002tesla,
  title={{Tesla: A Transparent, Extensible Session-Layer Framework for End-to-end Network Services}},
  author={Salz, J.M.},
  year={2002},
  school={Massachusetts Institute of Technology}
}

@phdthesis{snoeren2002migrate,
  title={{A Session-Based Approach to Internet Mobility}},
  author={Alex C. Snoeren},
  year={2002},
  school={Massachusetts Institute of Technology}
}


@conference{lange2007transparent,
  title={{Transparent network services via a virtual traffic layer for virtual machines}},
  author={Lange, J.R. and Dinda, P.A.},
  booktitle={Proceedings of the 16th international symposium on High performance distributed computing},
  pages={23--32},
  year={2007},
  organization={ACM New York, NY, USA}
}

@article{hutchinson1991x,
  title={{The x-kernel: An architecture for implementing networkprotocols}},
  author={Hutchinson, NC and Peterson, LL},
  journal={IEEE Transactions on Software engineering},
  volume={17},
  number={1},
  pages={64--76},
  year={1991}
}

@conference{hutchinson23rpc,
  title={{RPC in the x-Kernel: Evaluating new design techniques}},
  author={Hutchinson, N.C. and Peterson, L.L. and Abott, MB and O'Malley, S.},
  booktitle={Proceedings of the Twelfth Symposium on Operating Systems Principles},
  volume={23}
}

@article{peterson1990x,
  title={{The x-kernel: A platform for accessing internet resources}},
  author={Peterson, L. and Hutchinson, N. and O'Malley, S. and Rao, H.},
  journal={IEEE Computer},
  volume={23},
  number={5},
  pages={23--33},
  year={1990}
}


@conference{schmidt1995object,
  title={{Object-oriented components for high-speed network programming}},
  author={Schmidt, D.C. and Harrison, T. and Al-shaer, E.},
  booktitle={In Proceedings of the First Conference on Object-Oriented Technologies and Systems},
  year={1995}
}



@conference{gummadi2004improving,
  title={{Improving the reliability of internet paths with one-hop source routing}},
  author={Gummadi, K.P. and Madhyastha, H.V. and Gribble, S.D. and Levy, H.M. and Wetherall, D.},
  booktitle={Proceedings of the 6th conference on Symposium on Opearting Systems Design \& Implementation-Volume 6},
  pages={13--13},
  year={2004},
  organization={USENIX Association Berkeley, CA, USA}
}


@article{zhang2000stationarity,
  title={{The stationarity of internet path properties: Routing, loss, and throughput}},
  author={Zhang, Y. and Paxson, V. and Shenker, S.},
  journal={In ACIRI Technical Report},
  year={2000}
}



@TechReport{UW-CSE-09-09-02,
   Author       = "Hao Du and David J. St. Hilare",
   Title        = "{Multi-Paxos: An Implementation and Evaluation}",
   Institution  = "Department of Computer Science and Engineering, University of Washington",
   Number       = "UW-CSE-09-09-02",
   Month        = September,
   Year         = 2009
}


@TechReport{UW-CSE-09-09-03,
   Author       = "Tamara Denning",
   Title        = "{PANCAKE: A Central Management Authority for Coordinating a Personal Area Network and Controlling External Access}",
   Institution  = "Department of Computer Science and Engineering, University of Washington",
   Number       = "UW-CSE-09-09-03",
   Month        = September,
   Year         = 2009
}




@TechReport{UW-CSE-09-09-04,
   Author       = "Koos Kleven and Daniel Otero",
   Title        = "{blami: Externalized Parallelism for a Serial Web Server}",
   Institution  = "Department of Computer Science and Engineering, University of Washington",
   Number       = "UW-CSE-09-09-04",
   Month        = September,
   Year         = 2009
}


@TechReport{UW-CSE-09-09-05,
   Author       = "Mark Zbikowski and Vince Zanella and Ryan McElroy",
   Title        = "{Paxos Made Experimentally}",
   Institution  = "Department of Computer Science and Engineering, University of Washington",
   Number       = "UW-CSE-09-09-05",
   Month        = September,
   Year         = 2009
}



@Misc{containmentseattle,
  key =          "containmentseattle",
  title =        "{ContainmentInSeattle -- Seattle -- Trac}",
  author={Cosmin Barsan and Justin Cappos},
  note =         "{\url{https://seattle.cs.washington.edu/wiki/ContainmentInSeattle}}",
}




@inproceedings{Soroush:2009,
Author = { Hamed Soroush and Nilanjan Banerjee and Aruna Balasubramanian and Mark D. Corner and Brian Neil Levine and Brian Lynn},
Booktitle = {Proc. ACM Intl. Workshop on Hot Topics of Planet-Scale Mobility Measurements (HotPlanet)},
Keywords = {Mobile Testbed, Wireless, DTN},
Month = {June},
Sponsors = {CNS-0519881, CNS-0447877},
Techreport_Url = {http://www.cs.umass.edu/publication/docs/2009/UM-CS-2009-023.pdf},
Title = {{DOME: A Diverse Outdoor Mobile Testbed}},
Url = {http://prisms.cs.umass.edu/brian/pubs/soroush.hotplanet09.pdf},
Year = {2009},
Bdsk-Url-1 = {http://prisms.cs.umass.edu/brian/pubs/soroush.hotplanet09.pdf}}




@Misc{shimswiki,
  key =          "shimswiki",
  title =        "{UsingShims --Seattle -- Trac}",
  author=         {Eric Kimbrel and Justin Cappos},
  note =         "{\url{https://seattle.cs.washington.edu/wiki/UsingShims}}"
}






@Misc{encryptionwiki,
  key =          "encryptionwiki",
  title =        "{Encryption -- Seattle -- Trac}",
  author=         {Eric Kimbrel and Justin Cappos},
  note =         "{\url{https://seattle.cs.washington.edu/wiki/UsingShims/encryption}}",
}



@Misc{CapposPythonBug1,
  key =          "Issue 7995",
  title =        "{Issue 7995: On Mac / BSD sockets returned by accept inherit the parent's FD flags}",
  note =         "{\url{http://bugs.python.org/issue7995}}",
}



@TechReport{Wurzburg473,
   Author       = "Dominik Klein, Kurt Tutschku, Thomas Zinner",
   Title        = "{Measurement-based Topology and Performance Investigations of D-A-CH Research Networks}",
   Institution  = "University of Wurzburg, Institute of Computer Science", 
   Number       = "Research Report Series 473",
   Month        = August,
   Year         = 2010,
}


@inproceedings{Katz-Bassett:2008:SBH:1387589.1387607,
 author = {Katz-Bassett, Ethan and Madhyastha, Harsha V. and John, John P. and Krishnamurthy, Arvind and Wetherall, David and Anderson, Thomas},
 title = {Studying black holes in the internet with Hubble},
 booktitle = {Proceedings of the 5th USENIX Symposium on Networked Systems Design and Implementation},
 series = {NSDI'08},
 year = {2008},
 isbn = {111-999-5555-22-1},
 location = {San Francisco, California},
 pages = {247--262},
 numpages = {16},
 url = {http://portal.acm.org/citation.cfm?id=1387589.1387607},
 acmid = {1387607},
 publisher = {USENIX Association},
 address = {Berkeley, CA, USA},
} 

@article{Savage:1999:DII:623285.624244,
 author = {Savage, Stefan and Anderson, Thomas and Aggarwal, Amit and Becker, David and Cardwell, Neal and Collins, Andy and Hoffman, Eric and Snell, John and Vahdat, Amin and Voelker, Geoff and Zahorjan, John},
 title = {Detour: Informed Internet Routing and Transport},
 journal = {IEEE Micro},
 volume = {19},
 issue = {1},
 month = {January},
 year = {1999},
 issn = {0272-1732},
 pages = {50--59},
 numpages = {10},
 url = {http://portal.acm.org/citation.cfm?id=623285.624244},
 doi = {10.1109/40.748796},
 acmid = {624244},
 publisher = {IEEE Computer Society Press},
 address = {Los Alamitos, CA, USA},
} 


@incollection{springerlink:10.1007/978-3-540-31966-5-19,
   author = {Zheng, Han and Lua, Eng Keong and Pias, Marcelo and Griffin, Timothy G.},
   affiliation = {University of Cambridge Computer Laboratory  },
   title = {Internet Routing Policies and Round-Trip-Times},
   booktitle = {Passive and Active Network Measurement},
   series = {Lecture Notes in Computer Science},
   editor = {Dovrolis, Constantinos},
   publisher = {Springer Berlin / Heidelberg},
   isbn = {},
   pages = {236-250},
   volume = {3431},
   url = {http://dx.doi.org/10.1007/978-3-540-31966-5_19},
   year = {2005}
}


@inproceedings{Lumezanu:2009:TIR:1532940.1532947,
 author = {Lumezanu, Cristian and Baden, Randy and Spring, Neil and Bhattacharjee, Bobby},
 title = {Triangle Inequality and Routing Policy Violations in the Internet},
 booktitle = {Proceedings of the 10th International Conference on Passive and Active Network Measurement},
 series = {PAM '09},
 year = {2009},
 isbn = {978-3-642-00974-7},
 location = {Seoul, Korea},
 pages = {45--54},
 numpages = {10},
 url = {http://dx.doi.org/10.1007/978-3-642-00975-4_5},
 doi = {http://dx.doi.org/10.1007/978-3-642-00975-4_5},
 acmid = {1532947},
 publisher = {Springer-Verlag},
 address = {Berlin, Heidelberg},
} 

@misc{pymodel,
  key = "pymodel",
  title = "{PyModel: Model-based testing in Python}",
  author = "Jonathan Jacky",
  note = "{\url{http://staff.washington.edu/jon/pymodel/www/}}",
}

@Book{JVCS07,
  author =       {Jonathan Jacky and Margus Veanes and Colin Campbell and Wolfram Schulte},
  title =        {Model-based Software Testing and Analysis with C\#},
  publisher =    {Cambridge University Press},
  year =         {2008},
}


@book{UL06,
 author = {Utting, Mark and Legeard, Bruno},
 title = {Practical Model-Based Testing: A Tools Approach},
 year = {2006},
 isbn = {0123725011},
 publisher = {Morgan Kaufmann Publishers Inc.},
 address = {San Francisco, CA, USA},
 }

@article{Seattle_SIGCSE09,
 author = {Cappos, Justin and Beschastnikh, Ivan and Krishnamurthy, Arvind and Anderson, Tom},
 title = {Seattle: a platform for educational cloud computing},
 journal = {SIGCSE Bull.},
 volume = {41},
 number = {1},
 year = {2009},
 issn = {0097-8418},
 pages = {111--115},
 doi = {http://doi.acm.org/10.1145/1539024.1508905},
 publisher = {ACM},
 address = {New York, NY, USA},
 }


@misc{zlib,
 key = "zlib",
 title = "{zlib Compression Library}",
 note = "{\url{http://www.zlib.net/}}",
}

@misc{pypi-affix,
	key = "affix",
	title={{affix - Python Package Index}},
	note = "{\url{http://pypi.python.org/pypi/affix/}}",
}

@inproceedings{sinkar2008cooperative,
  title={Cooperative recovery in heterogeneous mobile networks},
  author={Sinkar, K. and Jagirdar, A. and Korakis, T. and Liu, H. and Mathur, S. and Panwar, S.},
  booktitle={Sensor, Mesh and Ad Hoc Communications and Networks, 2008. SECON'08. 5th Annual IEEE Communications Society Conference on},
  pages={395--403},
  year={2008},
  organization={IEEE}
}


@INPROCEEDINGS{Cappos_CCS_10,
  author = {Justin Cappos and Armon Dadgar and Jeff Rasley and Justin Samuel
        and Ivan Beschastnikh and Cosmin Barsan and Arvind Krishnamurthy
        and Tom Anderson},  title = {{Retaining Sandbox Containment Despite Bugs in Privileged Memory-Safe
        Code}},
  booktitle = {The 17th ACM Conference on Computer and Communications         Security (CCS '10)},
  year = {2010},        
  publisher = {ACM},    
  location = {Chicago, IL}
}


@misc{tor_skype_complexity,
 title = "{Blog about tor and skype}", 
 author = {Dingledine, Roger}, note = "{\url{http://archives.seul.org/or/talk/Mar-2007/msg00060.html}}",
}

@article{fec_wireless1,
title = {Forward Error Correction Strategies for Media Streaming over Wireless Networks},
journal = {IEEE Communications Magazine},
volume = {46},
year = {2008},
pages = {72-79},
publisher = {IEEE},
author = {A. Nafaa and T. Taleb and L. Murphy} }

@inproceedings{fec_wireless2, 
  author = {Lin, Kate Ching-Ju and Kushman, Nate and Katabi, Dina}, 
  title = {ZipTx: Harnessing Partial Packets in 802.11 Networks}, 
  booktitle = {Proceedings of the 14th ACM international conference on Mobile computing and networking}, 
  series = {MobiCom '08}, 
  year = {2008},  
  location = {San Francisco, California, USA}, 
  pages = {351--362}, 
  publisher = {ACM}, 
  address = {New York, NY, USA}, 
  keywords = {802.11, coding, reed solomon, wireless},
}

@misc{fec, 
  key = "fec", 
  title = "{Forward Error Correction}", 
  note = "{\url{http://en.wikipedia.org/wiki/Forward_error_correction}}",
}

@MISC{Seattlewebpage,
  title = {Seattle},
  note = {{\url{https://seattle.cs.washington.edu/}}},
  key = {Seattlewebpage}
}

@misc{tor,
 key = "tor",
 title = "{ToR}",
 note = "{\url{http://www.torproject.org}}",
}



@misc{Rasley11,
  author={Jeff Rasley}, 
  title={Runtime Verification of Portable Programming Interfaces},   
  howpublished={Senior thesis, Department of Computer Science and Engineering,
                University of Washington, Seattle},
  year=2011
} 

@INPROCEEDINGS{Jacky2011, 
  author={Jonathan Jacky},
  title={{PyModel}: Model-based Testing in {Python}},
  booktitle={Proceedings of the Python for Scientific Computing Conference},
  year={2011}
}

@MISC{SSV10,
  author = {Justin Cappos and Jonathan Jacky},
  title = {Model-based testing without a model: assessing portability in the
        {Seattle} testbed},
  note = {SSV10, System Software Verification, 2010}
}

@misc{centralizedadvertise,
   key = "Centralized Advertise Service -- Seattle",
   title = "{Centralized Advertise Service -- Seattle -- Trac}",
   note = "{\url{https://seattle.cs.washington.edu/wiki/Local/CentralizedAdvertiseService}}",
}

@misc{witest,
 title = "{Wireless Implementation Testbed Laboratory (WITest) at NYU-Poly}",
 note = "{\url{http://witestlab.poly.edu}}",
}

@misc{geniwimax,
 title = "{GENI WiMAX Project}",
 note = "{\url{http://groups.geni.net/geni/wiki/WiMAX}}",
}


@article{chandra_sigcomm08,
 author = {Chandra, Ranveer and Mahajan, Ratul and Moscibroda, Thomas and Raghavendra, Ramya and Bahl, Paramvir},
 title = {A case for adapting channel width in wireless networks},
 journal = {SIGCOMM Comput. Commun. Rev.},
  month = {August}, year = {2008},
 pages = {135--146},
 numpages = {12},
 publisher = {ACM},
 keywords = {channel width},
}  

@inproceedings{ravindranath_nsdi11,
 author = {Ravindranath, Lenin and Newport, Calvin and Balakrishnan, Hari and Madden, Samuel},
 title = {Improving wireless network performance using sensor hints},
 booktitle = {Proceedings of the 8th USENIX conference on Networked systems design and implementation},
 series = {NSDI'11},
 year = {2011},
 location = {Boston, MA},
 pages = {21--21},
 numpages = {1},
  publisher = {USENIX Association},
 address = {Berkeley, CA, USA},
}



@inproceedings{overcast,
 author = {Jannotti, John and Gifford, David K. and Johnson, Kirk L. and Kaashoek, M. Frans and O'Toole,Jr., James W.},
 title = {Overcast: reliable multicasting with on overlay network},
 booktitle = {Proceedings of the 4th conference on Symposium on Operating System Design \& Implementation - Volume 4},
 series = {OSDI'00},
 year = {2000},
 location = {San Diego, California},
 publisher = {USENIX Association},
 address = {Berkeley, CA, USA},
} 




@inproceedings{overqos,
 author = {Subramanian, Lakshminarayanan and Stoica, Ion and Balakrishnan, Hari and Katz, Randy H.},
 title = {OverQos: an overlay based architecture for enhancing internet Qos},
 booktitle = {Proceedings of the 1st conference on Symposium on Networked Systems Design and Implementation - Volume 1},
 year = {2004},
 location = {San Francisco, California},
 publisher = {USENIX Association},
 address = {Berkeley, CA, USA},
}



@misc{afp,
 title = "{Apple Filing Protocol}",
 note = "{\url{http://en.wikipedia.org/wiki/Apple_Filing_Protocol}}",
}

@INPROCEEDINGS{ron,
AUTHOR = "David G. Andersen and Hari Balakrishnan and M. Frans Kaashoek and Robert Morris",
TITLE = "Resilient Overlay Networks.",
booktitle = "SOSP'01",
PAGES = {131-145},
YEAR = {2001}  }

@inproceedings{vifi,
 author = {Balasubramanian, Aruna and Mahajan, Ratul and Venkataramani, Arun and Levine, Brian Neil and Zahorjan, John},
 title = {Interactive wifi connectivity for moving vehicles},
 booktitle = {Proceedings of the ACM SIGCOMM 2008 conference on Data communication},
 series = {SIGCOMM '08},
 year = {2008},
 location = {Seattle, WA, USA},
 pages = {427--438},
 numpages = {12},
 publisher = {ACM},
 address = {New York, NY, USA},
 keywords = {applications, diversity, handoff, vehicular networks, wifi},
} 

@misc{dtn_bundle,
 title = "{DTN Bundle Protocol Specification}",
 note = "{\url{http://www.dtnrg.org/docs/specs/draft-irtf-dtnrg-bundle-spec-03.txt}}",
}


@article{R3,
 author = {Xiaozheng Tie and Arun Venkataramani and Aruna Balasubramanian},
 title = {R3: Robust Replication Routing in Wireless Networks with Diverse Connectivity Characteristics},
 journal = {Mobicom},
  month = {September},
 year = {2011},
 numpages = {12},
  publisher = {ACM},
 location = {Las Vegas, Nevada, USA},
} 



@article{rozner_tmc09,
 author = {Rozner, Eric and Seshadri, Jayesh and Mehta, Yogita and Qiu, Lili},
 title = {SOAR: Simple Opportunistic Adaptive Routing Protocol for Wireless Mesh Networks},
 journal = {IEEE Transactions on Mobile Computing},
 volume = {8},
 issue = {12},
 month = {December},
 year = {2009},
 pages = {1622--1635},
 numpages = {14},
} 

@Misc{vlc_trac,
  key =          "VLCTrac",
  title =        "{820 (Forward Error Correction multicast streaming) - VLC}",
  note =         "{\url{http://trac.videolan.org/vlc/ticket/820}}",
}


@article{sdr_seminal,
	title = {Cognitive radio: brain-empowered wireless communications},
	volume = {23},
	issn = {0733-8716},
	shorttitle = {Cognitive radio},
	doi = {10.1109/JSAC.2004.839380},
	number = {2},
	journal = {{IEEE} Journal on Selected Areas in Communications},
	author = {Haykin, S.},
	month = feb,
	year = {2005},
	pages = {201 - 220},

}


@article{sdn_seminal,
	title = {{OpenFlow:} enabling innovation in campus networks},
	volume = {38},
	issn = {0146-4833},
	shorttitle = {{OpenFlow}},
	url = {http://doi.acm.org/10.1145/1355734.1355746},
	doi = {10.1145/1355734.1355746},
	number = {2},
	urldate = {2012-11-22},
	journal = {{SIGCOMM} Comput. Commun. Rev.},
	author = {{McKeown}, Nick and Anderson, Tom and Balakrishnan, Hari and Parulkar, Guru and Peterson, Larry and Rexford, Jennifer and Shenker, Scott and Turner, Jonathan},
	month = mar,
	year = {2008},
	pages = {69--74},
}

@incollection{qstcp_kernel,
year={2008},
isbn={978-3-540-79548-3},
booktitle={NETWORKING 2008 Ad Hoc and Sensor Networks, Wireless Networks, Next Generation Internet},
volume={4982},
series={Lecture Notes in Computer Science},
editor={Das, Amitabha and Pung, HungKeng and Lee, FrancisBuSung and Wong, LawrenceWaiChoong},
doi={10.1007/978-3-540-79549-0_61},
title={Performance Evaluation of {Quick-Start TCP} with a {Linux} Kernel Implementation},
url={http://dx.doi.org/10.1007/978-3-540-79549-0_61},
publisher={Springer Berlin Heidelberg},
author={Scharf, Michael and Strotbek, Haiko},
pages={703-714}
}

@incollection{mptcp_kernel,
year={2011},
isbn={978-3-642-20756-3},
booktitle={NETWORKING 2011},
volume={6640},
series={Lecture Notes in Computer Science},
editor={Domingo-Pascual, Jordi and Manzoni, Pietro and Palazzo, Sergio and Pont, Ana and Scoglio, Caterina},
doi={10.1007/978-3-642-20757-0_35},
title={{MultiPath TCP}: From Theory to Practice},
url={http://dx.doi.org/10.1007/978-3-642-20757-0_35},
publisher={Springer Berlin Heidelberg},
keywords={TCP; multipath; implementation; measurements},
author={Barr{\'e}, Sébastien and Paasch, Christoph and Bonaventure, Olivier},
pages={444-457}
}

@article{korakis2009cooperative,
  title={Cooperative network implementation using open-source platforms},
  author={Korakis, Thanasis and Knox, Michael and Erkip, Elza and Panwar, Shivendra},
  journal={Communications Magazine, IEEE},
  volume={47},
  number={2},
  pages={134--141},
  year={2009},
  publisher={IEEE}
}

@inproceedings{madwifi_ra,
 author = {Lacage, Mathieu and Manshaei, Mohammad Hossein and Turletti, Thierry},
 title = {IEEE 802.11 Rate Adaptation: A Practical Approach},
 booktitle = {Proceedings of the 7th ACM International Symposium on Modeling, Analysis and Simulation of Wireless and Mobile Systems},
 series = {MSWiM '04},
 year = {2004},
 isbn = {1-58113-953-5},
 location = {Venice, Italy},
 pages = {126--134},
 numpages = {9},
 url = {http://doi.acm.org/10.1145/1023663.1023687},
 doi = {10.1145/1023663.1023687},
 acmid = {1023687},
 publisher = {ACM},
 address = {New York, NY, USA},
 keywords = {ARF, IEEE 802.11, MADWIFI, PHY rate selection, RBAR},
} 

@inproceedings{djukic2009soft,
  title={{Soft-TDMAC}: A software {TDMA}-based {MAC} over commodity 802.11 hardware},
  author={Djukic, Petar and Mohapatra, Prasant},
  booktitle={INFOCOM 2009, IEEE},
  pages={1836--1844},
  year={2009},
  organization={IEEE}
}

@article{manweiler2012order,
  title={Order matters: transmission reordering in wireless networks},
  author={Manweiler, Justin and Santhapuri, Naveen and Sen, Souvik and Roy Choudhury, Romit and Nelakuditi, Srihari and Munagala, Kamesh},
  journal={Networking, IEEE/ACM Transactions on},
  volume={20},
  number={2},
  pages={353--366},
  year={2012},
  publisher={IEEE}
}

@inproceedings{muhammad2012towards,
  title={Towards a representive testbed: Harnessing volunteers for networks research},
  author={Muhammad, Monzur and Cappos, Justin},
  booktitle={The First GENI Research and Educational Workshop, GENI},
  volume={12},
  year={2012}
}


@INPROCEEDINGS{orbit,
author={Raychaudhuri, D. and Seskar, I. and Ott, M. and Ganu, S. and Ramachandran, K. and Kremo, H. and Siracusa, R. and Liu, H. and Singh, M.},
booktitle={Wireless Communications and Networking Conference, 2005 IEEE},
title={Overview of the {ORBIT} radio grid testbed for evaluation of next-generation wireless network protocols},
year={2005},
volume={3},
pages={1664-1669 Vol. 3},
keywords={indoor radio;protocols;radio networks;telecommunication network management;ORBIT radio grid testbed;experimental scripts;indoor radio grid emulator;network control;network emulation;network management;open-access radio node;outdoor field trial network;real-world setting end-user evaluation;system-level controller;wireless network protocols;Access protocols;Computer architecture;Control systems;Hardware;Indoor radio communication;Next generation networking;Radio control;Testing;Wireless application protocol;Wireless networks},
doi={10.1109/WCNC.2005.1424763},
ISSN={1525-3511},}

@inproceedings{socketintents_2013,
  title={Socket Intents: leveraging application awareness for multi-access connectivity},
  author={Schmidt, Philipp S and Enghardt, Theresa and Khalili, Ramin and Feldmann, Anja},
  booktitle={Proceedings of the ninth ACM conference on Emerging networking experiments and technologies},
  pages={295--300},
  year={2013},
  organization={ACM}
}


@inproceedings{fresco_2013,
  title = {{FRESCO:} Modular composable security services for software-defined networks},
  booktitle = {Proceedings of Network and Distributed Security Symposium},
  author = {Shin, Seugwon and Porras, Phillip and Yegneswaran, Vinod and Fong, Martin and Gu, Guofei and Tyson, Mabry},
  year = {2013}
},

@inproceedings{blockmon_2013,
  title = {Toward Composable Network Traffic Measurement},
  booktitle = {{INFOCOM} 2013: 32nd {IEEE} Conference on Computer Communications},
  author = {di Pietro, Andrea and Huici, Felipe and Bonelli, Nicola and Trammell, Brian and Kastovsky, Petr and Groleat, Tristan and Vaton, Sandrine and Dusi, Maurizio},
  year = {2013},
  annote = {blockmon}
}


@article{xia_2012,
  title = {{XIA:} Efficient support for evolvable internetworking},
  journal = {Proc. 9th {USENIX} {NSDI}},
  author = {Han, Dongsu and Anand, Ashok and Dogar, Fahad and Li, Boyan and Lim, Hyeontaek and Machado, Michel and Mukundan, Arvind and Wu, Wenfei and Akella, Aditya and Andersen, David G and others},
  year = {2012},

}

@INPROCEEDINGS{migrate_2001, 
author={Snoeren, A.C. and Balakrishnan, H. and Kaashoek, M.F.}, 
booktitle={Hot Topics in Operating Systems, 2001. Proceedings of the Eighth Workshop on}, 
title={Reconsidering Internet mobility}, 
year={2001}, 
pages={41-46}, 
doi={10.1109/HOTOS.2001.990059},
}


@inproceedings{habib_taking_2006,
  title = {Taking Advantage of Multihoming with Session Layer Striping},
  doi = {10.1109/INFOCOM.2006.54},
  booktitle = {{INFOCOM} 2006. 25th {IEEE} International Conference on Computer Communications. Proceedings},
  author = {Habib, A. and Christin, N. and Chuang, J.},
  year = {2006},
  keywords = {application layer code, Costs, Degradation, {DSL}, {IP} networks, Joining processes, multihoming, networking protocol stack, Operating systems, Physical layer, protocols, quality of service, resource aggregation technique, session layer striping protocol, strawman architecture, transport protocols, Urban areas, Wireless networks},
  pages = {1--6}
}


@article{kissel_phoebus_2011,
  title = {Phoebus: A system for high throughput data movement},
  volume = {71},
  issn = {0743-7315},
  url = {http://www.sciencedirect.com/science/article/pii/S0743731510001723},
  doi = {http://dx.doi.org/10.1016/j.jpdc.2010.08.011},
  number = {2},
  journal = {Journal of Parallel and Distributed Computing},
  author = {Kissel, Ezra and Swany, Martin and Brown, Aaron},
  year = {2011},
  keywords = {Dynamic, Networks},
  pages = {266 -- 279}
}


@inproceedings{higgins_intentional_2010,
  address = {New York, {NY}, {USA}},
  series = {{MobiCom} '10},
  title = {Intentional Networking: Opportunistic Exploitation of Mobile Network Diversity},
  isbn = {978-1-4503-0181-7},
  url = {http://doi.acm.org/10.1145/1859995.1860005},
  doi = {10.1145/1859995.1860005},
  booktitle = {Proceedings of the Sixteenth Annual International Conference on Mobile Computing and Networking},
  publisher = {{ACM}},
  author = {Higgins, Brett D. and Reda, Azarias and Alperovich, Timur and Flinn, Jason and Giuli, T. J. and Noble, Brian and Watson, David},
  year = {2010},
  keywords = {application-aware networking, wireless network selection},
  pages = {73–84}
}


@article{florissi_qosockets_2001,
  title = {{QoSockets:} a new extension to the sockets {API} for end-to-end application {QoS} management},
  volume = {35},
  issn = {1389-1286},
  shorttitle = {Selected Topics in Network and Systems Management},
  url = {http://www.sciencedirect.com/science/article/pii/S138912860000150X},
  doi = {10.1016/S1389-1286(00)00150-X},
  number = {1},
  urldate = {2012-11-22},
  journal = {Computer Networks},
  author = {Florissi, {P.G.S.} and Yemini, Y. and Florissi, D.},
  month = jan,
  year = {2001},
  keywords = {Application management, {QoS} management},
  pages = {57--76},
  annote = {Category: Extension to socket {API}}
}


@article{demmer_dtn_2009,
  title = {The design and implementation of a session layer for delay-tolerant networks},
  volume = {32},
  issn = {0140-3664},
  url = {http://www.sciencedirect.com/science/article/pii/S0140366409000711},
  doi = {http://dx.doi.org/10.1016/j.comcom.2009.02.010},
  number = {16},
  journal = {Computer Communications},
  author = {Demmer, Michael and Fall, Kevin},
  year = {2009},
  keywords = {Applications},
  pages = {1724 -- 1730}
}


@inproceedings{yiakoumis_putting_2012,
  address = {New York, {NY}, {USA}},
  series = {{UbiComp} '12},
  title = {Putting Home Users in Charge of Their Network},
  isbn = {978-1-4503-1224-0},
  url = {http://doi.acm.org/10.1145/2370216.2370451},
  doi = {10.1145/2370216.2370451},
  booktitle = {Proceedings of the 2012 {ACM} Conference on Ubiquitous Computing},
  publisher = {{ACM}},
  author = {Yiakoumis, Yiannis and Katti, Sachin and Huang, Te-Yuan and {McKeown}, Nick and Yap, Kok-Kiong and Johari, Ramesh},
  year = {2012},
  keywords = {home networks, human computer interaction, network slicing, {QoS}, video-streaming},
  pages = {1114 -- 1119},
}


@article{saltzer_endend_1984,
  title = {End-to-end Arguments in System Design},
  volume = {2},
  issn = {0734-2071},
  url = {http://doi.acm.org/10.1145/357401.357402},
  doi = {10.1145/357401.357402},
  number = {4},
  journal = {{ACM} Trans. Comput. Syst.},
  author = {Saltzer, J. H. and Reed, D. P. and Clark, D. D.},
  month = nov,
  year = {1984},
  keywords = {data communication, design principles, protocol design},
  pages = {277--288},
}


@inproceedings{freedman_tarzan_2002,
  address = {New York, {NY}, {USA}},
  series = {{CCS} '02},
  title = {Tarzan: A Peer-to-peer Anonymizing Network Layer},
  isbn = {1-58113-612-9},
  url = {http://doi.acm.org/10.1145/586110.586137},
  doi = {10.1145/586110.586137},
  booktitle = {Proceedings of the 9th {ACM} Conference on Computer and Communications Security},
  publisher = {{ACM}},
  author = {Freedman, Michael J. and Morris, Robert},
  year = {2002},
  keywords = {anonymity, cover traffic, distributed trust, {IP} tunnels, mix-nets, overlay networks, peer-to-peer},
  pages = {193–206}
}

@article{zimmermann1980osi,
  title={OSI reference model--The ISO model of architecture for open systems interconnection},
  author={Zimmermann, Hubert},
  journal={Communications, IEEE Transactions on},
  volume={28},
  number={4},
  pages={425--432},
  year={1980},
  publisher={IEEE}
}


@inproceedings{landfeldt_slm_1999,
  title = {{SLM}, a framework for session layer mobility management},
  doi = {10.1109/ICCCN.1999.805557},
  booktitle = {Computer Communications and Networks, 1999. Proceedings. Eight International Conference on},
  author = {Landfeldt, B. and Larsson, T. and Ismailov, Yuri and Seneviratne, A.},
  year = {1999},
  keywords = {Computer networks, Internet, {IP} networks, Mobile communication, mobile computing, mobile hosts, Mobile radio mobility management, Packet radio networks, Personal digital assistants, Proposals, Quality management, quality of service, Routing, session layer mobility management, {SLM}, telecommunication network management, Web and internet services},
  pages = {452--456}
}


@article{blossom2004gnu,
  title={GNU radio: tools for exploring the radio frequency spectrum},
  author={Blossom, Eric},
  journal={Linux journal},
  volume={2004},
  number={122},
  pages={4},
  year={2004},
  publisher={Belltown Media}
}


@article{monsanto_composing_2013,
  title = {Composing software defined networks},
  url = {https://www.usenix.org/system/files/conference/nsdi13/nsdi13-final232.pdf},
  urldate = {2013-10-22},
  journal = {{NSDI}, Apr},
  author = {Monsanto, Christopher and Reich, Joshua and Foster, Nate and Rexford, Jennifer and Walker, David},
  year = {2013},
}


@incollection{liebeherr_programming_2003,
  series = {Lecture Notes in Computer Science},
  title = {Programming Overlay Networks with Overlay Sockets},
  copyright = {©2003 Springer-Verlag Berlin Heidelberg},
  isbn = {978-3-540-20051-2, 978-3-540-39405-1},
  url = {http://link.springer.com/chapter/10.1007/978-3-540-39405-1_22},
  number = {2816},
  urldate = {2013-12-30},
  booktitle = {Group Communications and Charges. Technology and Business Models},
  publisher = {Springer Berlin Heidelberg},
  author = {Liebeherr, Jörg and Wang, Jianping and Zhang, Guimin},
  editor = {Stiller, Burkhard and Carle, Georg and Karsten, Martin and Reichl, Peter},
  month = jan,
  year = {2003},
  pages = {242--253},
}


@inproceedings{petty_composability_2003,
  title = {A composability lexicon},
  booktitle = {Proceedings of the Spring 2003 Simulation Interoperability Workshop},
  author = {Petty, Mikel D and Weisel, Eric W},
  year = {2003},
  pages = {181--187}
}


@article{medjahed_multilevel_2005,
  title = {A multilevel composability model for semantic Web services},
  volume = {17},
  issn = {1041-4347},
  doi = {10.1109/TKDE.2005.101},
  number = {7},
  journal = {Knowledge and Data Engineering, {IEEE} Transactions on},
  author = {Medjahed, B. and Bouguettaya, A.},
  year = {2005},
  pages = {954--968}
}


@article{koponen_architecting_2011,
  title = {Architecting for innovation},
  volume = {41},
  issn = {0146-4833},
  url = {http://doi.acm.org/10.1145/2002250.2002256},
  doi = {10.1145/2002250.2002256},
  number = {3},
  urldate = {2012-12-03},
  journal = {{SIGCOMM} Comput. Commun. Rev.},
  author = {Koponen, Teemu and Shenker, Scott and Balakrishnan, Hari and Feamster, Nick and Ganichev, Igor and Ghodsi, Ali and Godfrey, P. Brighten and {McKeown}, Nick and Parulkar, Guru and Raghavan, Barath and Rexford, Jennifer and Arianfar, Somaya and Kuptsov, Dmitriy},
  month = jul,
  year = {2011},
  keywords = {diversity, evolution, innovation, internet architecture},
  pages = {24-36},
}

@misc{rfc2460,
  author="S. Deering and R. Hinden",
  title="{Internet Protocol, Version 6 (IPv6) Specification}",
  series="Request for Comments",
  number="2460",
  howpublished="RFC 2460 (Draft Standard)",
  publisher="IETF",
  organization="Internet Engineering Task Force",
  year=1998,
  month=dec,
  url="http://www.ietf.org/rfc/rfc2460.txt",
}

@misc{spdy,
  author="M. Belshe and R. Peon",
  title="{SPDY} Protocol",
  series="Network Working Group Internet Draft",
  number="00",
  howpublished="Internet Draft (Version 00)",
  publisher="IETF",
  organization="Internet Engineering Task Force",
  year=2012,
  month=feb,
  url="http://tools.ietf.org/html/draft-mbelshe-httpbis-spdy-00",
}

@misc{rfc6830,
  author="D. Farinacci and V. Fuller and D. Meyer and D. Lewis",
  title="{The Locator/ID Separation Protocol (LISP)}",
  series="Request for Comments",
  number="6830",
  howpublished="RFC 6830 (Experimental)",
  publisher="IETF",
  organization="Internet Engineering Task Force",
  year=2013,
  month=jan,
  url="http://www.ietf.org/rfc/rfc6830.txt",
}

@Misc{ipv6_google,
  title =        "{IPv6 Statistics}",
  author =        "{Google}",
  note =         "\url{http://www.google.com/ipv6/statistics.html}",
    month =       jan,
  year =        2014
}

@misc{SeattleTracker,
  title =        "{Seattle - Search Results}",
  author =        "{Seattle}",
  note =         "\url{https://seattle.poly.edu/search?q=shim&ticket=on}",
    month =       jan,
  year =        2014
}


@Misc{spdy_w3tech,
  title =        "{Web Technology Surveys: Usage of SPDY for websites}",
  author =        "{W3Techs}",
  note =         "\url{http://w3techs.com/technologies/details/ce-spdy/all/all}",
  month =       jan,
  year =        2014
}


@INPROCEEDINGS{ants, 
  author={Wetherall, D.J. and Guttag, John V. and Tennenhouse, D.L.}, 
  booktitle={Open Architectures and Network Programming, 1998 IEEE}, 
  title={{ANTS}: a toolkit for building and dynamically deploying network protocols}, 
  year={1998}, 
  pages={117-129}, 
  doi={10.1109/OPNARC.1998.662048}
}

@inproceedings{wetherall2002active,
  title={Active network vision and reality: lessons from a capsule-based system},
  author={Wetherall, David},
  booktitle={DARPA Active NEtworks Conference and Exposition, 2002. Proceedings},
  pages={25--40},
  year={2002},
  organization={IEEE}
}

@article{lua2005survey,
  title={A survey and comparison of peer-to-peer overlay network schemes.},
  author={Lua, Eng Keong and Crowcroft, Jon and Pias, Marcelo and Sharma, Ravi and Lim, Steven},
  journal={IEEE Communications Surveys and Tutorials},
  volume={7},
  number={1-4},
  pages={72--93},
  year={2005}
}


@misc{bug01,
	Note = {Accessed \today, \url{http://linux.die.net/man/2/accept}},
	Title = {accept(2) - {Linux} man page},
	Key = {accept(2) - {Linux} man page}
}

@misc{bug03,
	Note = {Accessed \today, \url{http://pubs.opengroup.org/onlinepubs/009695399/functions/accept.html}},
	Title = {accept},
	Key = {accept}
}

@misc{bug04,
	Note = {Accessed \today, \url{https://bugzilla.redhat.com/show\_bug.cgi?format=multiple\&id=523712}},
	Title = {{SSL.Connection.accept()} blocking on a non-blocking Connection},
	Key = {{SSL.Connection.accept()} blocking on a non-blocking Connection},
}

@misc{bug05,
	Note = {Accessed \today, \url{https://bugs.tryton.org/issue1914}},
	Title = {{WebDAV} socket misbehaviour under {BSD}},
	Key   = {{WebDAV} socket misbehaviour under {BSD}},
}

@misc{bug06,
	Note = {Accessed \today, \url{http://bugs.python.org/issue7322}},
	Title = {Socket timeout can cause file-like readline() method to lose data},
	Key   = {Socket timeout can cause file-like readline() method to lose data},
}

@misc{bug07,
	Note = {Accessed \today, \url{http://bugs.python.org/issue1515839}},
	Title = {socket timeout inheritance on accept},
	Key   = {socket timeout inheritance on accept},
}

@misc{bug08,
	Note = {Accessed \today, \url{http://bugs.python.org/issue11721}},
	Title = {socket.accept() with a timout socket creates bogus socket},
	Key   = {socket.accept() with a timout socket creates bogus socket},
}

@misc{bug09,
	Note = {Accessed \today, \url{http://bugs.python.org/issue10473}},
	Title = {Strange behavior for socket.timeout},
	Key   = {Strange behavior for socket.timeout},
}

@misc{bug10,
	Note = {Accessed \today, \url{http://bugs.python.org/issue7523}},
	Title = {add {SOCK\_NONBLOCK} and {SOCK\_CLOEXEC} to socket module},
	Key   = {add {SOCK\_NONBLOCK} and {SOCK\_CLOEXEC} to socket module},
}

@misc{bug11,
	Note = {Accessed \today, \url{http://www.kernel.org/doc/man-pages/online/pages/man7/socket.7.html}},
	Title = {socket(7) - {Linux} manual page},
	Key   = {socket(7) - {Linux} manual page},
}

@misc{bug12,
	Note = {Accessed \today, \url{http://msdn.microsoft.com/en-us/library/ms740621%28VS.85%29.aspx}},
	Title = {Using {SO\_REUSEADDR} and {SO\_EXCLUSIVEADDRUSE}},
	Key   = {Using {SO\_REUSEADDR} and {SO\_EXCLUSIVEADDRUSE}},
}

@misc{bug13,
	Note = {Accessed \today, \url{http://bugs.python.org/issue2550}},
	Title = {{SO\_REUSEADDR} doesn't have the same semantics on {Windows} as on {Unix}},
	Key   = {{SO\_REUSEADDR} doesn't have the same semantics on {Windows} as on {Unix}},
}

@misc{bug14,
	Note = {Accessed \today, \url{http://twistedmatrix.com/trac/ticket/4195}},
	Title = {Security: {SO\_EXCLUSIVEADDRUSE} should be enabled when binding to ports on {Windows}},
	Key   = {Security: {SO\_EXCLUSIVEADDRUSE} should be enabled when binding to ports on {Windows}},
}

@misc{bug15,
	Note = {Accessed \today, \url{http://www.openssh.com/txt/release-5.1}},
	Title = {{OpenSSH} 5.1 release notes},
	Key   = {{OpenSSH} 5.1 release notes},
}

@misc{bug16,
	Note = {Accessed \today, \url{https://support.ntp.org/bugs/show_bug.cgi?id=1149}},
	Title = {Windows ntpd should secure {UDP} 123 with {SO\_EXCLUSIVEADDRUSE}},
	Key   = {Windows ntpd should secure {UDP} 123 with {SO\_EXCLUSIVEADDRUSE}},
}

@misc{bug17,
	Note = {Accessed \today, \url{https://bugzilla.mozilla.org/show_bug.cgi?id=489488}},
	Title = {{PR\_SockOpt\_reuseaddr} functions differently on {Windows} from on other {OSes}},
	Key   = {{PR\_SockOpt\_reuseaddr} functions differently on {Windows} from on other {OSes}},
}

@misc{bug18,
	Note = {Accessed \today, \url{http://bugs.sun.com/bugdatabase/viewc_bug.do?bug_id=4476378}},
	Title = {{SO\_REUSEADDR} broken on {Windows}},
	Key   = {{SO\_REUSEADDR} broken on {Windows}},
}

@misc{windows8,
	Note = {Accessed \today, \url{http://en.wikipedia.org/wiki/Windows_8}},
	Title = {Windows 8},
	Key   = {Windows 8},
}

@misc{bug19,
	Note = {Accessed \today,\url{http://blade.nagaokaut.ac.jp/cgi-bin/scat.rb/ruby/ruby-core/6765}},
	Title = {{TCPServer} should not use {SO\_REUSEADDR} in {Cygwin} port},
	Key   = {{TCPServer} should not use {SO\_REUSEADDR} in {Cygwin} port},
}

@misc{bug20,
	Note = {Accessed \today, \url{http://comments.gmane.org/gmane.os.cygwin/124608}},
	Title = {Issue with socket {SO\_REUSEADDR} when a client is connected},
	Key   = {Issue with socket {SO\_REUSEADDR} when a client is connected},
}

@misc{bug21,
	Note = {Accessed \today, \url{https://bugs.eclipse.org/bugs/show\_bug.cgi?id=249736}},
	Title = {Cannot bind to default port after using connection and restarting},
	Key   = {Cannot bind to default port after using connection and restarting},
}

@misc{bug22,
	Note = {Accessed \today, \url{http://lists.ximian.com/pipermail/mono-bugs/2007-June/058136.html}},
	Title = {{SO\_REUSEADDR} should also set {SO\_REUSEPORT} on {FreeBSD} {UDP} sockets},
	Key   = {{SO\_REUSEADDR} should also set {SO\_REUSEPORT} on {FreeBSD} {UDP} sockets},
}


@misc{bug23,
	Note = {Accessed \today, \url{http://code.google.com/p/go/issues/detail?id=2307}},
	Title = {net.{ListenTCP} succeeds twice on {Windows}},
	Key   = {net.{ListenTCP} succeeds twice on {Windows}},
}

@misc{bug24,
	Note = {Accessed \today, \url{http://www.securiteam.com/unixfocus/5XP0220GAG.html}},
	Title = {Solaris Socket Hijack Vulnerability},
	Key   = {Solaris Socket Hijack Vulnerability},
}

@misc{bug25,
	Note = {Accessed \today, \url{http://openvpn.net/index.php/open-source/documentation/change-log/71-21-change-log.html}},
	Title = {{OpenVPN} 2.1 Change Logc},
	Key   = {{OpenVPN} 2.1 Change Logc},
}


@misc{bug26,
	Note = {Accessed \today, \url{http://klickverbot.at/blog/2012/01/getaddrinfo-edge-case-behavior-on-windows-linux-and-osx/}},
	Title = {getaddrinfo cross-platform edge case behavior},
	Key   = {getaddrinfo cross-platform edge case behavior},
}

@misc{bug27,
	Note = {Accessed \today, \url{http://lists-archives.com/git/420684-fix-getaddrinfo-buglet.html}},
	Title = {Fix "getaddrinfo()" buglet},
	Key   = {Fix "getaddrinfo()" buglet},
}

@misc{bug28,
	Note = {Accessed \today, \url{http://bugs.python.org/issue2742}},
	Title = {example code does not work},
	Key   = {example code does not work},
}

@misc{bug29,
	Note = {Accessed \today, \url{https://svn.boost.org/trac/boost/ticket/4690}},
	Title = {boost::asio::ip::tcp::resolver fails to resolve query if service\_name is empty},
	Key   = {boost::asio::ip::tcp::resolver fails to resolve query if service\_name is empty},
}

@misc{bug30,
	Note = {Accessed \today, \url{http://drupal.org/node/822580}},
	Title = {Module doesn't work, if no proxy needed, in recent {PHP} versions},
	Key   = {Module doesn't work, if no proxy needed, in recent {PHP} versions},
}

@misc{bug31,
	Note = {Accessed \today, \url{http://bugs.winehq.org/show\_bug.cgi?id=29756}},
	Title = {getaddrinfo edge cases broken on {OS X}},
	Key   = {getaddrinfo edge cases broken on {OS X}},
}

@misc{bug32,
	Note = {Accessed \today, \url{http://pubs.opengroup.org/onlinepubs/009695399/functions/getaddrinfo.html}},
	Title = {freeaddrinfo, getaddrinfo - get address information},
	Key   = {freeaddrinfo, getaddrinfo - get address information},
}

@misc{bug33,
	Note = {Accessed \today, http://mono.1490590.n4.nabble.com/Mono-1-2-3-1-SO-REUSEPORT-System-Net-Sockets-SocketOptionName-ReusePort-Patch-td1528717.html},
	Title = {Mono 1.2.3.1 {SO\_REUSEPORT} / {System.Net.Sockets.SocketOptionName.ReusePort} Patch },
	Key   = {Mono 1.2.3.1 {SO\_REUSEPORT} / {System.Net.Sockets.SocketOptionName.ReusePort} Patch },
}

@misc{bug34,
	Note = {Accessed \today, \url{http://freebsd.1045724.n5.nabble.com/kern-166458-bind-incorrectly-interprets-SO-REUSEADDR-option-as-also-implying-SO-REUSEPORT-on-FreeBSD-td5599252.html}},
	Title = {bind() incorrectly interprets {SO\_REUSEADDR} option as also implying {SO\_REUSEPORT} on FreeBSD},
	Key   = {bind() incorrectly interprets {SO\_REUSEADDR} option as also implying {SO\_REUSEPORT} on FreeBSD},
}

@misc{bug35,
	Note = {Accessed \today, \url{http://code.google.com/p/cocoaasyncsocket/issues/detail?id=46}},
	Title = {{AsyncUdpSocket} does not set {SO\_REUSEPORT}},
	Key   = {{AsyncUdpSocket} does not set {SO\_REUSEPORT}},
}

@misc{bug36,
	Note = {Accessed \today, \url{http://bugs.python.org/issue2763}},
	Title = {A socket example code shown in doc doesn't work on {FreeBSD}},
	Key   = {A socket example code shown in doc doesn't work on {FreeBSD}},
}


@misc{bug37,
	Note = {Accessed \today, \url{http://twistedmatrix.com/trac/ticket/2981}},
	Title = {I can't seem to run the {Twisted} tests without hitting an intermittent failure on my {Windows} machine},
	Key   = {I can't seem to run the {Twisted} tests without hitting an intermittent failure on my {Windows} machine},
}

@misc{bug38,
	Note = {Accessed \today, \url{http://support.microsoft.com/kb/870562}},
	Title = {BUG: Non-administrator users cannot set the {SO\_EXCLUSIVEADDRUSE} option on the {Winsock} setsockopt {API} call},
	Key   = {BUG: Non-administrator users cannot set the {SO\_EXCLUSIVEADDRUSE} option on the {Winsock} setsockopt {API} call},
}

@misc{bug39,
	Note = {Accessed \today, \url{https://tahoe-lafs.org/trac/tahoe-lafs/ticket/870}},
	Title = {Prevent socket hijacking on {OSes} that don't prevent it by default {(Windows)}},
	Key   = {Prevent socket hijacking on {OSes} that don't prevent it by default {(Windows)}},
}


@Misc{ipv6-java,
  key =          "ipv6-java",
  title =        "{net.ipv6.bindv6only=1 breaks some buggy programs}",
  note =         {Accessed \today, \url{http://bugs.debian.org/cgi-bin/bugreport.cgi?bug=560238#54}},
}


@inproceedings{Zhuang_GREE_2013,
 author = "{Yanyan Zhuang and Albert Rafetseder and Justin Cappos}",
 title = "{Experience with Seattle: A Community Platform for Research and Education}",
 booktitle = {The Second GENI Research and Educational Workshop},
 series = {GREE'13},
 year = {2013},
 location = {Los Angeles, California},
} 


@Misc{seash,
  key =          "seash",
  title =        "{Seash: The Seattle Shell -- Seattle -- Trac}",
  note =         "{\url{https://seattle.poly.edu/wiki/SeattleShell}}",
}


@Misc{overlord,
  key =          "overlord",
  title =        "{Overlord Deployment and Monitoring Library}",
  note =         "{\url{https://seattle.poly.edu/wiki/Libraries/Overlord}}",
}


@Misc{huxiang,
  key =          "huxiang",
  title =        "{Huxiang}",
  note =         "\url{https://seattle.poly.edu/wiki/huxiang}",
}

@Misc{viewpoints,
  key =          "viewpoints",
  title =        "{Viewpoints}",
  note =         "\url{https://seattle.poly.edu/wiki/Applications/Viewpoints}",
}

@article{rekindling_network_protocol,
 author = {Honda, Michio and Huici, Felipe and Raiciu, Costin and Araujo, Joao and Rizzo, Luigi},
 title = {Rekindling Network Protocol Innovation with User-level Stacks},
 journal = {SIGCOMM Comput. Commun. Rev.},
 issue_date = {April 2014},
 volume = {44},
 number = {2},
 month = apr,
 year = {2014},
 issn = {0146-4833},
 pages = {52--58},
 numpages = {7},
 url = {http://doi.acm.org/10.1145/2602204.2602212},
 doi = {10.1145/2602204.2602212},
 acmid = {2602212},
 publisher = {ACM},
 address = {New York, NY, USA},
 keywords = {deployability, operating systems, transport protocols},
} 


@inproceedings{understanding_tradeoffs,
 author = {Mukerjee, Matthew K. and Han, Dongsu and Seshan, Srinivasan and Steenkiste, Peter},
 title = {Understanding Tradeoffs in Incremental Deployment of New Network Architectures},
 booktitle = {Proceedings of the Ninth ACM Conference on Emerging Networking Experiments and Technologies},
 series = {CoNEXT '13},
 year = {2013},
 isbn = {978-1-4503-2101-3},
 location = {Santa Barbara, California, USA},
 pages = {271--282},
 numpages = {12},
 url = {http://doi.acm.org/10.1145/2535372.2535396},
 doi = {10.1145/2535372.2535396},
 acmid = {2535396},
 publisher = {ACM},
 address = {New York, NY, USA},
 keywords = {future internet architectures, incremental deployment, network architectures},
} 

@inproceedings{minimizing_network,
 author = {Sun, Xin and Xie, Geoffrey G.},
 title = {Minimizing Network Complexity Through Integrated Top-down Design},
 booktitle = {Proceedings of the Ninth ACM Conference on Emerging Networking Experiments and Technologies},
 series = {CoNEXT '13},
 year = {2013},
 isbn = {978-1-4503-2101-3},
 location = {Santa Barbara, California, USA},
 pages = {259--270},
 numpages = {12},
 url = {http://doi.acm.org/10.1145/2535372.2535376},
 doi = {10.1145/2535372.2535376},
 acmid = {2535376},
 publisher = {ACM},
 address = {New York, NY, USA},
 keywords = {ip address allocation, network complexity, reachability control, top-down design, vlan},
} 

@inproceedings{is_it_still,
 author = {Honda, Michio and Nishida, Yoshifumi and Raiciu, Costin and Greenhalgh, Adam and Handley, Mark and Tokuda, Hideyuki},
 title = {Is It Still Possible to Extend TCP?},
 booktitle = {Proceedings of the 2011 ACM SIGCOMM Conference on Internet Measurement Conference},
 series = {IMC '11},
 year = {2011},
 isbn = {978-1-4503-1013-0},
 location = {Berlin, Germany},
 pages = {181--194},
 numpages = {14},
 url = {http://doi.acm.org/10.1145/2068816.2068834},
 doi = {10.1145/2068816.2068834},
 acmid = {2068834},
 publisher = {ACM},
 address = {New York, NY, USA},
 keywords = {TCP, measurements, middleboxes, protocol design},
} 

